day;timestamp;product;bid_price_1;bid_volume_1;bid_price_2;bid_volume_2;bid_price_3;bid_volume_3;ask_price_1;ask_volume_1;ask_price_2;ask_volume_2;ask_price_3;ask_volume_3;mid_price;profit_and_loss
-1;0;RAINFOREST_RESIN;10002;1;9996;2;9995;29;10004;2;10005;29;;;10003.0;0.0
-1;0;KELP;2028;1;2026;2;2025;29;2029;31;;;;;2028.5;0.0
-1;100;KELP;2025;24;;;;;2028;2;2029;22;;;2026.5;17.361328125
-1;100;RAINFOREST_RESIN;9996;2;9995;22;;;10004;2;10005;22;;;10000.0;5.0
-1;200;RAINFOREST_RESIN;9995;20;;;;;10005;20;;;;;10000.0;5.0
-1;200;KELP;2025;22;;;;;2028;20;;;;;2026.5;18.537109375
-1;300;KELP;2025;31;;;;;2028;2;2029;29;;;2026.5;17.2109375
-1;300;RAINFOREST_RESIN;9996;2;9995;29;;;10004;2;10005;29;;;10000.0;5.0
-1;400;RAINFOREST_RESIN;9996;2;9995;25;;;10004;2;10005;25;;;10000.0;5.0
-1;400;KELP;2025;27;;;;;2028;27;;;;;2026.5;19.609375
-1;500;KELP;2025;30;;;;;2028;30;;;;;2026.5;23.1875
-1;500;RAINFOREST_RESIN;9995;30;;;;;10002;4;10005;30;;;9998.5;5.0
-1;600;RAINFOREST_RESIN;10000;5;9995;25;;;10005;25;;;;;10002.5;5.0
-1;600;KELP;2026;5;2025;31;;;2028;25;;;;;2027.0;26.734375
-1;700;KELP;2025;2;2024;23;;;2028;23;;;;;2026.5;32.11328125
-1;700;RAINFOREST_RESIN;9995;23;;;;;10005;23;;;;;10000.0;5.0
-1;800;RAINFOREST_RESIN;9996;1;9995;29;;;10004;1;10005;29;;;10000.0;5.0
-1;800;KELP;2024;1;2023;29;;;2027;30;;;;;2025.5;41.849609375
-1;900;KELP;2024;23;;;;;2027;23;;;;;2025.5;34.443359375
-1;900;RAINFOREST_RESIN;9996;1;9995;22;;;10004;1;10005;22;;;10000.0;5.0
-1;1000;RAINFOREST_RESIN;9995;26;;;;;10005;26;;;;;10000.0;5.0
-1;1000;KELP;2024;26;;;;;2026;6;2027;26;;;2025.0;33.904296875
-1;1100;KELP;2025;6;2024;26;;;2027;2;2028;24;;;2026.0;32.236328125
-1;1100;RAINFOREST_RESIN;9996;2;9995;24;;;10004;2;10005;24;;;10000.0;5.0
-1;1200;RAINFOREST_RESIN;9995;21;;;;;9998;1;10005;21;;;9996.5;35.0
-1;1200;KELP;2024;21;;;;;2026;8;2028;21;;;2025.0;30.548828125
-1;1300;KELP;2024;31;;;;;2028;31;;;;;2026.0;30.306640625
-1;1300;RAINFOREST_RESIN;10002;1;9996;1;9995;30;10004;1;10005;30;;;10003.0;37.0
-1;1400;RAINFOREST_RESIN;9996;1;9995;25;;;10004;1;10005;25;;;10000.0;39.0
-1;1400;KELP;2025;3;2024;25;;;2028;26;;;;;2026.5;27.71875
-1;1500;KELP;2024;27;;;;;2028;27;;;;;2026.0;26.9375
-1;1500;RAINFOREST_RESIN;9995;27;;;;;10005;27;;;;;10000.0;39.0
-1;1600;RAINFOREST_RESIN;9995;29;;;;;10005;29;;;;;10000.0;39.0
-1;1600;KELP;2024;29;;;;;2026;4;2028;29;;;2025.0;28.294921875
-1;1700;KELP;2024;22;;;;;2026;8;2028;22;;;2025.0;29.5703125
-1;1700;RAINFOREST_RESIN;9996;2;9995;20;;;10002;1;10004;2;10005;20;9999.0;39.0
-1;1800;RAINFOREST_RESIN;10002;1;9996;1;9995;22;10004;1;10005;22;;;10003.0;39.0
-1;1800;KELP;2024;23;;;;;2028;23;;;;;2026.0;31.28125
-1;1900;KELP;2024;29;;;;;2026;5;2027;29;;;2025.0;35.828125
-1;1900;RAINFOREST_RESIN;9996;1;9995;28;;;10004;1;10005;28;;;10000.0;41.0
-1;2000;KELP;2024;26;;;;;2027;26;;;;;2025.5;35.47265625
-1;2000;RAINFOREST_RESIN;9996;2;9995;24;;;9998;1;10004;2;10005;24;9997.0;41.0
-1;2100;RAINFOREST_RESIN;9996;2;9995;25;;;10002;3;10004;2;10005;25;9999.0;43.0
-1;2100;KELP;2024;27;;;;;2027;2;2028;25;;;2025.5;32.818359375
-1;2200;RAINFOREST_RESIN;9998;8;9996;1;9995;24;10004;1;10005;24;;;10001.0;43.0
-1;2200;KELP;2024;25;;;;;2026;7;2027;1;2028;24;2025.0;32.05859375
-1;2300;KELP;2024;32;;;;;2028;32;;;;;2026.0;29.98828125
-1;2300;RAINFOREST_RESIN;9998;7;9996;2;9995;30;10004;2;10005;30;;;10001.0;43.0
-1;2400;KELP;2024;29;;;;;2025;1;2028;29;;;2024.5;28.93359375
-1;2400;RAINFOREST_RESIN;9995;29;;;;;10005;29;;;;;10000.0;43.0
-1;2500;RAINFOREST_RESIN;9996;1;9995;22;;;10004;1;10005;22;;;10000.0;43.0
-1;2500;KELP;2025;2;2024;23;;;2027;1;2028;22;;;2026.0;32.74609375
-1;2600;RAINFOREST_RESIN;9995;23;;;;;10005;23;;;;;10000.0;43.0
-1;2600;KELP;2025;3;2024;23;;;2028;23;;;;;2026.5;32.708984375
-1;2700;KELP;2024;26;;;;;2027;26;;;;;2025.5;34.53125
-1;2700;RAINFOREST_RESIN;9998;6;9995;26;;;10005;26;;;;;10001.5;43.0
-1;2800;KELP;2023;25;;;;;2027;25;;;;;2025.0;43.44921875
-1;2800;RAINFOREST_RESIN;9995;25;;;;;10005;25;;;;;10000.0;43.0
-1;2900;RAINFOREST_RESIN;9996;1;9995;25;;;10004;1;10005;25;;;10000.0;43.0
-1;2900;KELP;2023;26;;;;;2027;26;;;;;2025.0;45.154296875
-1;3000;RAINFOREST_RESIN;9998;1;9995;26;;;10005;26;;;;;10001.5;79.0
-1;3000;KELP;2024;29;;;;;2027;26;;;;;2025.5;40.546875
-1;3100;KELP;2023;26;;;;;2025;5;2026;26;;;2024.0;56.1015625
-1;3100;RAINFOREST_RESIN;9996;2;9995;24;;;10004;2;10005;24;;;10000.0;83.0
-1;3200;KELP;2023;23;;;;;2025;3;2026;23;;;2024.0;54.45703125
-1;3200;RAINFOREST_RESIN;9996;1;9995;22;;;10004;1;10005;22;;;10000.0;89.0
-1;3300;RAINFOREST_RESIN;9996;2;9995;30;;;10004;2;10005;30;;;10000.0;95.0
-1;3300;KELP;2023;32;;;;;2025;2;2026;32;;;2024.0;53.916015625
-1;3400;RAINFOREST_RESIN;9996;2;9995;24;;;10004;2;10005;24;;;10000.0;95.0
-1;3400;KELP;2023;26;;;;;2026;26;;;;;2024.5;54.21875
-1;3500;KELP;2023;26;;;;;2026;26;;;;;2024.5;54.037109375
-1;3500;RAINFOREST_RESIN;9995;26;;;;;10005;26;;;;;10000.0;95.0
-1;3600;KELP;2023;21;;;;;2026;21;;;;;2024.5;54.072265625
-1;3600;RAINFOREST_RESIN;9995;21;;;;;9998;4;10005;21;;;9996.5;95.0
-1;3700;RAINFOREST_RESIN;10002;1;9996;1;9995;23;10004;1;10005;23;;;10003.0;103.0
-1;3700;KELP;2023;27;;;;;2026;24;;;;;2024.5;57.39453125
-1;3800;RAINFOREST_RESIN;9996;2;9995;23;;;10002;10;10004;2;10005;23;9999.0;105.0
-1;3800;KELP;2023;25;;;;;2026;25;;;;;2024.5;57.5078125
-1;3900;KELP;2023;28;;;;;2026;26;;;;;2024.5;62.61669921875
-1;3900;RAINFOREST_RESIN;9998;1;9996;1;9995;25;10004;1;10005;25;;;10001.0;108.0
-1;4000;KELP;2023;32;;;;;2026;32;;;;;2024.5;63.3994140625
-1;4000;RAINFOREST_RESIN;9996;2;9995;30;;;10004;2;10005;30;;;10000.0;108.0
-1;4100;RAINFOREST_RESIN;9996;2;9995;27;;;10004;2;10005;27;;;10000.0;108.0
-1;4100;KELP;2023;29;;;;;2027;29;;;;;2025.0;64.88623046875
-1;4200;RAINFOREST_RESIN;9996;2;9995;24;;;10002;4;10004;2;10005;24;9999.0;108.0
-1;4200;KELP;2023;26;;;;;2027;26;;;;;2025.0;64.82568359375
-1;4300;KELP;2023;29;;;;;2024;5;2026;22;;;2023.5;63.2998046875
-1;4300;RAINFOREST_RESIN;9995;22;;;;;9998;1;10000;6;10005;22;9996.5;126.0
-1;4400;KELP;2023;30;;;;;2026;30;;;;;2024.5;67.8984375
-1;4400;RAINFOREST_RESIN;9995;30;;;;;10005;30;;;;;10000.0;136.0
-1;4500;RAINFOREST_RESIN;9996;1;9995;28;;;10002;10;10004;1;10005;28;9999.0;136.0
-1;4500;KELP;2023;28;;;;;2026;29;;;;;2024.5;66.880859375
-1;4600;RAINFOREST_RESIN;9996;1;9995;29;;;10002;10;10004;1;10005;29;9999.0;136.0
-1;4600;KELP;2023;30;;;;;2026;30;;;;;2024.5;67.126953125
-1;4700;KELP;2023;25;;;;;2025;3;2026;32;;;2024.0;69.24609375
-1;4700;RAINFOREST_RESIN;9996;2;9995;30;;;10004;2;10005;30;;;10000.0;136.0
-1;4800;KELP;2023;24;;;;;2027;24;;;;;2025.0;71.615234375
-1;4800;RAINFOREST_RESIN;9998;6;9996;2;9995;22;10004;2;10005;22;;;10001.0;136.0
-1;4900;RAINFOREST_RESIN;9995;22;;;;;10002;7;10005;22;;;9998.5;142.0
-1;4900;KELP;2023;22;;;;;2027;22;;;;;2025.0;74.2421875
-1;5000;RAINFOREST_RESIN;9998;3;9996;2;9995;28;10004;2;10005;28;;;10001.0;142.0
-1;5000;KELP;2023;30;;;;;2026;30;;;;;2024.5;70.431640625
-1;5100;KELP;2023;37;;;;;2026;31;;;;;2024.5;70.626953125
-1;5100;RAINFOREST_RESIN;9996;1;9995;30;;;10004;1;10005;30;;;10000.0;142.0
-1;5200;KELP;2023;35;;;;;2026;27;;;;;2024.5;70.337890625
-1;5200;RAINFOREST_RESIN;9998;9;9996;1;9995;26;10004;1;10005;26;;;10001.0;142.0
-1;5300;RAINFOREST_RESIN;9996;1;9995;20;;;10004;1;10005;20;;;10000.0;142.0
-1;5300;KELP;2025;1;2023;21;;;2026;21;;;;;2025.5;70.71484375
-1;5400;RAINFOREST_RESIN;9995;21;;;;;10005;21;;;;;10000.0;142.0
-1;5400;KELP;2023;21;;;;;2025;6;2027;21;;;2024.0;73.849609375
-1;5500;KELP;2023;27;;;;;2027;27;;;;;2025.0;74.7529296875
-1;5500;RAINFOREST_RESIN;9995;27;;;;;10005;27;;;;;10000.0;142.0
-1;5600;KELP;2025;2;2023;28;;;2027;28;;;;;2026.0;75.1396484375
-1;5600;RAINFOREST_RESIN;9995;28;;;;;10005;28;;;;;10000.0;142.0
-1;5700;RAINFOREST_RESIN;9998;2;9995;27;;;10005;27;;;;;10001.5;142.0
-1;5700;KELP;2024;26;;;;;2027;27;;;;;2025.5;75.8564453125
-1;5800;RAINFOREST_RESIN;9996;1;9995;30;;;10004;1;10005;30;;;10000.0;142.0
-1;5800;KELP;2024;31;;;;;2027;31;;;;;2025.5;78.53125
-1;5900;KELP;2024;35;;;;;2027;30;;;;;2025.5;77.8994140625
-1;5900;RAINFOREST_RESIN;9996;2;9995;28;;;10004;2;10005;28;;;10000.0;142.0
-1;6000;KELP;2024;30;;;;;2027;30;;;;;2025.5;77.5107421875
-1;6000;RAINFOREST_RESIN;9995;30;;;;;10005;30;;;;;10000.0;142.0
-1;6100;RAINFOREST_RESIN;9996;1;9995;24;;;10004;1;10005;24;;;10000.0;142.0
-1;6100;KELP;2024;24;;;;;2027;25;;;;;2025.5;77.515625
-1;6200;RAINFOREST_RESIN;9996;1;9995;21;;;10004;1;10005;21;;;10000.0;142.0
-1;6200;KELP;2024;22;;;;;2027;22;;;;;2025.5;77.9384765625
-1;6300;KELP;2024;30;;;;;2027;25;;;;;2025.5;79.7275390625
-1;6300;RAINFOREST_RESIN;9996;2;9995;23;;;10004;2;10005;23;;;10000.0;142.0
-1;6400;KELP;2024;25;;;;;2027;25;;;;;2025.5;79.552734375
-1;6400;RAINFOREST_RESIN;9996;1;9995;24;;;10004;1;10005;24;;;10000.0;142.0
-1;6500;RAINFOREST_RESIN;9996;1;9995;26;;;9998;1;10004;1;10005;26;9997.0;142.0
-1;6500;KELP;2024;27;;;;;2027;27;;;;;2025.5;77.8466796875
-1;6600;RAINFOREST_RESIN;9996;2;9995;24;;;10004;2;10005;24;;;10000.0;144.0
-1;6600;KELP;2024;26;;;;;2028;26;;;;;2026.0;81.8544921875
-1;6700;KELP;2025;7;2024;20;;;2028;20;;;;;2026.5;83.0576171875
-1;6700;RAINFOREST_RESIN;9995;20;;;;;10002;3;10005;20;;;9998.5;168.0
-1;6800;KELP;2024;32;;;;;2026;8;2027;2;2028;30;2025.0;80.3115234375
-1;6800;RAINFOREST_RESIN;9996;2;9995;30;;;10004;2;10005;30;;;10000.0;168.0
-1;6900;RAINFOREST_RESIN;9996;1;9995;26;;;10002;5;10004;1;10005;26;9999.0;168.0
-1;6900;KELP;2024;27;;;;;2026;1;2027;27;;;2025.0;78.9248046875
-1;7000;RAINFOREST_RESIN;9998;2;9995;27;;;10005;27;;;;;10001.5;168.0
-1;7000;KELP;2026;4;2024;27;;;2027;27;;;;;2026.5;79.34765625
-1;7100;KELP;2024;30;;;;;2027;30;;;;;2025.5;80.930908203125
-1;7100;RAINFOREST_RESIN;9996;1;9995;29;;;10004;1;10005;29;;;10000.0;176.0
-1;7200;KELP;2024;28;;;;;2027;28;;;;;2025.5;80.7119140625
-1;7200;RAINFOREST_RESIN;9998;5;9996;1;9995;27;10004;1;10005;27;;;10001.0;176.0
-1;7300;RAINFOREST_RESIN;10002;1;9996;2;9995;29;10004;2;10005;29;;;10003.0;176.0
-1;7300;KELP;2024;35;;;;;2027;31;;;;;2025.5;80.695556640625
-1;7400;RAINFOREST_RESIN;9996;1;9995;22;;;10004;1;10005;22;;;10000.0;184.0
-1;7400;KELP;2024;22;;;;;2027;23;;;;;2025.5;82.0
-1;7500;KELP;2024;25;;;;;2027;25;;;;;2025.5;82.0
-1;7500;RAINFOREST_RESIN;9995;25;;;;;10002;10;10005;25;;;9998.5;184.0
-1;7600;KELP;2024;22;;;;;2027;22;;;;;2025.5;82.0
-1;7600;RAINFOREST_RESIN;9996;2;9995;20;;;10004;2;10005;20;;;10000.0;184.0
-1;7700;RAINFOREST_RESIN;9995;22;;;;;10005;22;;;;;10000.0;184.0
-1;7700;KELP;2024;21;;;;;2027;22;;;;;2025.5;82.0
-1;7800;RAINFOREST_RESIN;9998;3;9996;1;9995;22;10004;1;10005;22;;;10001.0;184.0
-1;7800;KELP;2024;23;;;;;2027;23;;;;;2025.5;82.0
-1;7900;KELP;2024;31;;;;;2027;27;;;;;2025.5;82.0
-1;7900;RAINFOREST_RESIN;9996;1;9995;26;;;10004;1;10005;26;;;10000.0;184.0
-1;8000;KELP;2024;27;;;;;2026;8;2027;27;;;2025.0;82.0
-1;8000;RAINFOREST_RESIN;9995;27;;;;;10005;27;;;;;10000.0;184.0
-1;8100;RAINFOREST_RESIN;9996;1;9995;22;;;10004;1;10005;22;;;10000.0;184.0
-1;8100;KELP;2023;23;;;;;2027;23;;;;;2025.0;82.0
-1;8200;RAINFOREST_RESIN;9995;23;;;;;10005;23;;;;;10000.0;220.0
-1;8200;KELP;2023;23;;;;;2025;1;2026;23;;;2024.0;83.231689453125
-1;8300;KELP;2023;30;;;;;2026;30;;;;;2024.5;83.580078125
-1;8300;RAINFOREST_RESIN;9996;1;9995;29;;;10004;1;10005;29;;;10000.0;220.0
-1;8400;RAINFOREST_RESIN;9995;28;;;;;10005;28;;;;;10000.0;220.0
-1;8400;KELP;2023;28;;;;;2026;28;;;;;2024.5;83.562255859375
-1;8500;KELP;2023;31;;;;;2026;31;;;;;2024.5;83.64111328125
-1;8500;RAINFOREST_RESIN;9998;10;9996;2;9995;29;10004;2;10005;29;;;10001.0;220.0
-1;8600;RAINFOREST_RESIN;9996;1;9995;22;;;10004;1;10005;22;;;10000.0;220.0
-1;8600;KELP;2023;22;;;;;2026;23;;;;;2024.5;83.47802734375
-1;8700;KELP;2023;27;;;;;2025;4;2026;27;;;2024.0;83.3062744140625
-1;8700;RAINFOREST_RESIN;9998;10;9995;27;;;10005;27;;;;;10001.5;220.0
-1;8800;RAINFOREST_RESIN;9995;25;;;;;9998;1;10005;25;;;9996.5;220.0
-1;8800;KELP;2024;7;2023;25;;;2027;25;;;;;2025.5;83.009033203125
-1;8900;KELP;2024;1;2023;26;;;2027;26;;;;;2025.5;83.06103515625
-1;8900;RAINFOREST_RESIN;9998;9;9995;26;;;10005;26;;;;;10001.5;222.0
-1;9000;RAINFOREST_RESIN;9996;2;9995;29;;;10004;2;10005;29;;;10000.0;222.0
-1;9000;KELP;2023;31;;;;;2027;31;;;;;2025.0;83.0826416015625
-1;9100;KELP;2023;29;;;;;2026;2;2027;27;;;2024.5;83.16552734375
-1;9100;RAINFOREST_RESIN;9998;3;9996;2;9995;27;10004;2;10005;27;;;10001.0;222.0
-1;9200;RAINFOREST_RESIN;9998;10;9995;27;;;10005;27;;;;;10001.5;222.0
-1;9200;KELP;2023;27;;;;;2025;7;2026;27;;;2024.0;83.2183837890625
-1;9300;KELP;2023;21;;;;;2026;21;;;;;2024.5;83.4000244140625
-1;9300;RAINFOREST_RESIN;9996;1;9995;20;;;10004;1;10005;20;;;10000.0;222.0
-1;9400;RAINFOREST_RESIN;9998;2;9996;2;9995;21;10004;2;10005;21;;;10001.0;222.0
-1;9400;KELP;2023;23;;;;;2026;23;;;;;2024.5;83.4849853515625
-1;9500;KELP;2023;35;;;;;2026;31;;;;;2024.5;83.41552734375
-1;9500;RAINFOREST_RESIN;9996;1;9995;30;;;10004;1;10005;30;;;10000.0;222.0
-1;9600;RAINFOREST_RESIN;9996;1;9995;30;;;10004;1;10005;30;;;10000.0;222.0
-1;9600;KELP;2023;31;;;;;2026;31;;;;;2024.5;83.568359375
-1;9700;KELP;2023;22;;;;;2026;22;;;;;2024.5;83.5694580078125
-1;9700;RAINFOREST_RESIN;9995;22;;;;;10002;1;10005;22;;;9998.5;222.0
-1;9800;RAINFOREST_RESIN;9995;26;;;;;10005;26;;;;;10000.0;222.0
-1;9800;KELP;2023;26;;;;;2026;26;;;;;2024.5;83.5211181640625
-1;9900;KELP;2025;4;2023;25;;;2026;25;;;;;2025.5;83.3282470703125
-1;9900;RAINFOREST_RESIN;9995;25;;;;;10005;25;;;;;10000.0;222.0
-1;10000;RAINFOREST_RESIN;9995;28;;;;;10005;28;;;;;10000.0;222.0
-1;10000;KELP;2023;36;;;;;2026;28;;;;;2024.5;84.7548828125
-1;10100;KELP;2023;25;;;;;2026;25;;;;;2024.5;85.19140625
-1;10100;RAINFOREST_RESIN;9996;1;9995;24;;;10002;3;10004;1;10005;24;9999.0;222.0
-1;10200;RAINFOREST_RESIN;9996;2;9995;26;;;10004;2;10005;26;;;10000.0;222.0
-1;10200;KELP;2022;28;;;;;2026;28;;;;;2024.0;88.1064453125
-1;10300;KELP;2024;1;2022;35;;;2025;27;;;;;2024.5;91.0078125
-1;10300;RAINFOREST_RESIN;9998;4;9995;27;;;10005;27;;;;;10001.5;222.0
-1;10400;RAINFOREST_RESIN;10002;1;9996;1;9995;28;10004;1;10005;28;;;10003.0;222.0
-1;10400;KELP;2023;1;2022;29;;;2026;29;;;;;2024.5;87.720703125
-1;10500;KELP;2023;2;2022;29;;;2026;31;;;;;2024.5;87.16015625
-1;10500;RAINFOREST_RESIN;9998;4;9996;2;9995;29;10004;2;10005;29;;;10001.0;224.0
-1;10600;RAINFOREST_RESIN;9996;2;9995;29;;;10000;4;10004;2;10005;29;9998.0;224.0
-1;10600;KELP;2022;31;;;;;2023;4;2024;4;2025;31;2022.5;90.53515625
-1;10700;KELP;2022;29;;;;;2025;28;;;;;2023.5;93.076904296875
-1;10700;RAINFOREST_RESIN;9998;8;9995;28;;;10005;28;;;;;10001.5;224.0
-1;10800;RAINFOREST_RESIN;9998;5;9996;2;9995;22;10004;2;10005;22;;;10001.0;224.0
-1;10800;KELP;2022;27;;;;;2025;24;;;;;2023.5;92.90087890625
-1;10900;KELP;2022;35;;;;;2025;28;;;;;2023.5;92.953125
-1;10900;RAINFOREST_RESIN;9996;1;9995;27;;;10004;1;10005;27;;;10000.0;260.0
-1;11000;KELP;2024;7;2022;24;;;2025;24;;;;;2024.5;92.95849609375
-1;11000;RAINFOREST_RESIN;9995;24;;;;;10002;7;10005;24;;;9998.5;260.0
-1;11100;RAINFOREST_RESIN;9998;3;9995;21;;;10005;21;;;;;10001.5;260.0
-1;11100;KELP;2022;21;;;;;2025;21;;;;;2023.5;95.78515625
-1;11200;RAINFOREST_RESIN;9996;2;9995;21;;;10002;7;10004;2;10005;21;9999.0;267.0
-1;11200;KELP;2022;23;;;;;2025;23;;;;;2023.5;96.5078125
-1;11300;KELP;2022;25;;;;;2025;22;;;;;2023.5;95.830078125
-1;11300;RAINFOREST_RESIN;9996;1;9995;21;;;10004;1;10005;21;;;10000.0;267.0
-1;11400;KELP;2022;26;;;;;2025;26;;;;;2023.5;94.85546875
-1;11400;RAINFOREST_RESIN;9996;1;9995;25;;;10004;1;10005;25;;;10000.0;267.0
-1;11500;RAINFOREST_RESIN;9996;1;9995;25;;;10002;7;10004;1;10005;25;9999.0;273.0
-1;11500;KELP;2022;26;;;;;2024;8;2025;26;;;2023.0;96.51171875
-1;11600;RAINFOREST_RESIN;9996;2;9995;27;;;10002;2;10004;2;10005;27;9999.0;273.0
-1;11600;KELP;2022;29;;;;;2026;29;;;;;2024.0;93.224609375
-1;11700;KELP;2022;23;;;;;2023;2;2026;23;;;2022.5;94.5244140625
-1;11700;RAINFOREST_RESIN;9996;2;9995;21;;;10004;2;10005;21;;;10000.0;273.0
-1;11800;KELP;2022;29;;;;;2024;4;2026;29;;;2023.0;95.0888671875
-1;11800;RAINFOREST_RESIN;9998;10;9995;29;;;10000;5;10005;29;;;9999.0;273.0
-1;11900;RAINFOREST_RESIN;9996;2;9995;30;;;10004;2;10005;30;;;10000.0;273.0
-1;11900;KELP;2023;2;2022;30;;;2024;3;2026;32;;;2023.5;95.291015625
-1;12000;RAINFOREST_RESIN;10002;1;9995;20;;;10005;20;;;;;10003.5;273.0
-1;12000;KELP;2023;20;;;;;2026;20;;;;;2024.5;93.6455078125
-1;12100;KELP;2023;27;;;;;2025;1;2026;27;;;2024.0;93.708984375
-1;12100;RAINFOREST_RESIN;9996;2;9995;25;;;10004;2;10005;25;;;10000.0;275.0
-1;12200;KELP;2023;34;;;;;2026;30;;;;;2024.5;93.7744140625
-1;12200;RAINFOREST_RESIN;9996;2;9995;28;;;10004;2;10005;28;;;10000.0;275.0
-1;12300;RAINFOREST_RESIN;9998;6;9996;1;9995;28;10004;1;10005;28;;;10001.0;275.0
-1;12300;KELP;2023;29;;;;;2026;29;;;;;2024.5;93.4658203125
-1;12400;RAINFOREST_RESIN;9995;26;;;;;10005;26;;;;;10000.0;275.0
-1;12400;KELP;2023;30;;;;;2026;26;;;;;2024.5;93.2197265625
-1;12500;KELP;2023;19;;;;;2026;20;;;;;2024.5;102.37890625
-1;12500;RAINFOREST_RESIN;9995;20;;;;;10005;20;;;;;10000.0;275.0
-1;12600;KELP;2023;22;;;;;2026;22;;;;;2024.5;104.8671875
-1;12600;RAINFOREST_RESIN;9995;22;;;;;10005;22;;;;;10000.0;275.0
-1;12700;RAINFOREST_RESIN;9996;2;9995;20;;;10004;2;10005;20;;;10000.0;275.0
-1;12700;KELP;2023;22;;;;;2026;22;;;;;2024.5;103.0078125
-1;12800;RAINFOREST_RESIN;9996;2;9995;20;;;10004;2;10005;20;;;10000.0;275.0
-1;12800;KELP;2023;22;;;;;2026;22;;;;;2024.5;101.6015625
-1;12900;KELP;2023;36;;;;;2026;29;;;;;2024.5;99.79296875
-1;12900;RAINFOREST_RESIN;9996;1;9995;28;;;10002;3;10004;1;10005;28;9999.0;275.0
-1;13000;KELP;2025;1;2023;6;2022;20;2026;20;;;;;2025.5;108.11328125
-1;13000;RAINFOREST_RESIN;10002;1;9995;20;;;10005;20;;;;;10003.5;275.0
-1;13100;RAINFOREST_RESIN;9996;1;9995;25;;;10004;1;10005;25;;;10000.0;277.0
-1;13100;KELP;2023;33;;;;;2026;26;;;;;2024.5;105.98828125
-1;13200;RAINFOREST_RESIN;9998;2;9995;22;;;10005;22;;;;;10001.5;277.0
-1;13200;KELP;2022;22;;;;;2025;5;2026;22;;;2023.5;107.5234375
-1;13300;KELP;2023;6;2022;24;;;2026;24;;;;;2024.5;108.171875
-1;13300;RAINFOREST_RESIN;9995;24;;;;;10005;24;;;;;10000.0;277.0
-1;13400;KELP;2023;32;;;;;2026;32;;;;;2024.5;108.9375
-1;13400;RAINFOREST_RESIN;9996;2;9995;30;;;10004;2;10005;30;;;10000.0;285.0
-1;13500;RAINFOREST_RESIN;9995;30;;;;;10005;30;;;;;10000.0;285.0
-1;13500;KELP;2022;30;;;;;2025;8;2026;30;;;2023.5;109.21484375
-1;13600;RAINFOREST_RESIN;9995;25;;;;;10002;10;10005;25;;;9998.5;285.0
-1;13600;KELP;2023;24;;;;;2025;3;2026;25;;;2024.0;105.6875
-1;13700;KELP;2023;25;;;;;2026;21;;;;;2024.5;105.609375
-1;13700;RAINFOREST_RESIN;9996;1;9995;20;;;9998;4;10004;1;10005;20;9997.0;285.0
-1;13800;KELP;2023;23;;;;;2026;22;;;;;2024.5;104.2109375
-1;13800;RAINFOREST_RESIN;9996;2;9995;20;;;10004;2;10005;20;;;10000.0;293.0
-1;13900;RAINFOREST_RESIN;9996;2;9995;20;;;10000;6;10004;2;10005;20;9998.0;293.0
-1;13900;KELP;2023;22;;;;;2024;6;2025;4;2026;22;2023.5;107.28125
-1;14000;RAINFOREST_RESIN;9998;5;9996;2;9995;27;10004;2;10005;27;;;10001.0;293.0
-1;14000;KELP;2023;3;2022;29;;;2026;29;;;;;2024.5;112.16796875
-1;14100;KELP;2023;25;;;;;2025;1;2026;25;;;2024.0;106.56640625
-1;14100;RAINFOREST_RESIN;9996;2;9995;23;;;10004;2;10005;23;;;10000.0;293.0
-1;14200;KELP;2023;20;;;;;2026;21;;;;;2024.5;106.2421875
-1;14200;RAINFOREST_RESIN;9995;21;;;;;10005;21;;;;;10000.0;293.0
-1;14300;RAINFOREST_RESIN;9996;2;9995;27;;;10004;2;10005;27;;;10000.0;293.0
-1;14300;KELP;2022;29;;;;;2026;29;;;;;2024.0;113.95703125
-1;14400;RAINFOREST_RESIN;9996;1;9995;29;;;10004;1;10005;29;;;10000.0;293.0
-1;14400;KELP;2023;30;;;;;2026;30;;;;;2024.5;110.0859375
-1;14500;KELP;2023;24;;;;;2026;24;;;;;2024.5;109.3984375
-1;14500;RAINFOREST_RESIN;9995;24;;;;;10002;1;10005;24;;;9998.5;293.0
-1;14600;KELP;2022;28;;;;;2024;2;2026;28;;;2023.0;112.7265625
-1;14600;RAINFOREST_RESIN;9996;2;9995;26;;;10000;2;10004;2;10005;26;9998.0;293.0
-1;14700;RAINFOREST_RESIN;9995;30;;;;;10002;7;10005;30;;;9998.5;293.0
-1;14700;KELP;2022;30;;;;;2025;30;;;;;2023.5;119.2578125
-1;14800;RAINFOREST_RESIN;9995;28;;;;;10002;6;10005;28;;;9998.5;293.0
-1;14800;KELP;2022;28;;;;;2025;28;;;;;2023.5;119.44921875
-1;14900;KELP;2023;4;2022;26;;;2025;26;;;;;2024.0;119.9375
-1;14900;RAINFOREST_RESIN;10000;4;9995;26;;;10005;26;;;;;10002.5;293.0
-1;15000;KELP;2024;8;2022;25;;;2025;25;;;;;2024.5;121.32421875
-1;15000;RAINFOREST_RESIN;9998;1;9995;25;;;10005;25;;;;;10001.5;293.0
-1;15100;RAINFOREST_RESIN;9995;22;;;;;10005;22;;;;;10000.0;293.0
-1;15100;KELP;2022;27;;;;;2025;22;;;;;2023.5;129.3828125
-1;15200;RAINFOREST_RESIN;9998;6;9995;27;;;10005;27;;;;;10001.5;293.0
-1;15200;KELP;2022;26;;;;;2025;27;;;;;2023.5;129.64453125
-1;15300;KELP;2022;26;;;;;2024;4;2025;26;;;2023.0;130.5234375
-1;15300;RAINFOREST_RESIN;9995;26;;;;;10002;1;10005;26;;;9998.5;293.0
-1;15400;KELP;2022;35;;;;;2025;30;;;;;2023.5;132.01953125
-1;15400;RAINFOREST_RESIN;9996;2;9995;28;;;9998;1;10004;2;10005;28;9997.0;296.0
-1;15500;RAINFOREST_RESIN;10002;1;9996;2;9995;29;10004;2;10005;29;;;10003.0;298.0
-1;15500;KELP;2022;31;;;;;2024;8;2025;31;;;2023.0;128.95703125
-1;15600;RAINFOREST_RESIN;9996;2;9995;24;;;10004;2;10005;24;;;10000.0;300.0
-1;15600;KELP;2022;31;;;;;2025;26;;;;;2023.5;126.41796875
-1;15700;KELP;2022;25;;;;;2025;25;;;;;2023.5;123.1171875
-1;15700;RAINFOREST_RESIN;10002;5;9996;1;9995;24;10004;1;10005;24;;;10003.0;306.0
-1;15800;KELP;2025;1;2022;22;;;2026;22;;;;;2025.5;113.75390625
-1;15800;RAINFOREST_RESIN;9998;10;9996;2;9995;20;10004;2;10005;20;;;10001.0;316.0
-1;15900;RAINFOREST_RESIN;9996;2;9995;29;;;10000;6;10004;2;10005;29;9998.0;316.0
-1;15900;KELP;2023;31;;;;;2024;6;2025;2;2026;31;2023.5;106.1015625
-1;16000;RAINFOREST_RESIN;9996;2;9995;27;;;10002;6;10004;2;10005;27;9999.0;316.0
-1;16000;KELP;2023;29;;;;;2025;2;2026;29;;;2024.0;109.09765625
-1;16100;KELP;2022;21;;;;;2023;2;2026;21;;;2022.5;118.78125
-1;16100;RAINFOREST_RESIN;9995;21;;;;;10000;2;10002;10;10005;21;9997.5;316.0
-1;16200;KELP;2022;24;;;;;2023;1;2026;24;;;2022.5;118.125
-1;16200;RAINFOREST_RESIN;9995;24;;;;;9998;1;10005;24;;;9996.5;316.0
-1;16300;RAINFOREST_RESIN;9996;1;9995;22;;;10004;1;10005;22;;;10000.0;318.0
-1;16300;KELP;2023;2;2022;23;;;2026;23;;;;;2024.5;119.6640625
-1;16400;RAINFOREST_RESIN;9996;2;9995;30;;;10002;3;10004;2;10005;30;9999.0;342.0
-1;16400;KELP;2023;2;2022;30;;;2026;32;;;;;2024.5;115.8125
-1;16500;KELP;2023;2;2022;21;;;2026;23;;;;;2024.5;115.375
-1;16500;RAINFOREST_RESIN;9996;2;9995;21;;;10002;7;10004;2;10005;21;9999.0;342.0
-1;16600;KELP;2022;30;;;;;2023;1;2026;30;;;2022.5;117.30078125
-1;16600;RAINFOREST_RESIN;9998;4;9996;2;9995;28;10004;2;10005;28;;;10001.0;342.0
-1;16700;RAINFOREST_RESIN;10002;1;9995;26;;;10005;26;;;;;10003.5;342.0
-1;16700;KELP;2025;1;2022;26;;;2026;26;;;;;2025.5;116.83203125
-1;16800;RAINFOREST_RESIN;9995;26;;;;;10005;26;;;;;10000.0;344.0
-1;16800;KELP;2022;26;;;;;2026;26;;;;;2024.0;119.80859375
-1;16900;KELP;2023;1;2022;25;;;2026;26;;;;;2024.5;117.53515625
-1;16900;RAINFOREST_RESIN;9996;1;9995;25;;;10004;1;10005;25;;;10000.0;364.0
-1;17000;KELP;2023;29;;;;;2026;29;;;;;2024.5;115.22265625
-1;17000;RAINFOREST_RESIN;9998;9;9995;29;;;10005;29;;;;;10001.5;364.0
-1;17100;KELP;2023;23;;;;;2026;23;;;;;2024.5;113.1875
-1;17100;RAINFOREST_RESIN;9996;2;9995;21;;;10004;2;10005;21;;;10000.0;364.0
-1;17200;RAINFOREST_RESIN;9998;3;9996;2;9995;22;10004;2;10005;22;;;10001.0;364.0
-1;17200;KELP;2023;24;;;;;2026;24;;;;;2024.5;110.73046875
-1;17300;KELP;2023;25;;;;;2025;6;2026;25;;;2024.0;109.16015625
-1;17300;RAINFOREST_RESIN;9996;2;9995;23;;;10002;9;10004;2;10005;23;9999.0;364.0
-1;17400;RAINFOREST_RESIN;10000;6;9998;7;9995;28;10005;28;;;;;10002.5;364.0
-1;17400;KELP;2024;6;2023;28;;;2026;28;;;;;2025.0;105.11328125
-1;17500;KELP;2023;26;;;;;2027;26;;;;;2025.0;104.44140625
-1;17500;RAINFOREST_RESIN;9995;26;;;;;10005;26;;;;;10000.0;364.0
-1;17600;RAINFOREST_RESIN;9998;6;9995;30;;;10005;30;;;;;10001.5;364.0
-1;17600;KELP;2023;30;;;;;2026;30;;;;;2024.5;106.41015625
-1;17700;KELP;2025;1;2023;29;;;2026;29;;;;;2025.5;107.8046875
-1;17700;RAINFOREST_RESIN;9996;2;9995;27;;;10004;2;10005;27;;;10000.0;364.0
-1;17800;RAINFOREST_RESIN;9996;2;9995;24;;;10002;5;10004;2;10005;24;9999.0;364.0
-1;17800;KELP;2023;26;;;;;2026;2;2027;24;;;2024.5;105.25390625
-1;17900;KELP;2023;23;;;;;2027;23;;;;;2025.0;104.4296875
-1;17900;RAINFOREST_RESIN;9995;23;;;;;10005;23;;;;;10000.0;364.0
-1;18000;RAINFOREST_RESIN;9996;2;9995;25;;;10004;2;10005;25;;;10000.0;364.0
-1;18000;KELP;2023;27;;;;;2026;27;;;;;2024.5;106.0625
-1;18100;KELP;2023;20;;;;;2027;20;;;;;2025.0;100.49609375
-1;18100;RAINFOREST_RESIN;9995;20;;;;;10005;20;;;;;10000.0;364.0
-1;18200;RAINFOREST_RESIN;9996;1;9995;25;;;10004;1;10005;25;;;10000.0;364.0
-1;18200;KELP;2024;21;;;;;2027;26;;;;;2025.5;94.4921875
-1;18300;KELP;2023;25;;;;;2027;25;;;;;2025.0;98.77734375
-1;18300;RAINFOREST_RESIN;9996;2;9995;23;;;10004;2;10005;23;;;10000.0;364.0
-1;18400;RAINFOREST_RESIN;9996;2;9995;23;;;10004;2;10005;23;;;10000.0;364.0
-1;18400;KELP;2024;25;;;;;2026;5;2027;25;;;2025.0;90.93359375
-1;18500;KELP;2024;29;;;;;2025;1;2027;29;;;2024.5;89.67578125
-1;18500;RAINFOREST_RESIN;9995;29;;;;;10000;2;10005;29;;;9997.5;364.0
-1;18600;RAINFOREST_RESIN;10002;1;9995;20;;;10005;20;;;;;10003.5;364.0
-1;18600;KELP;2024;20;;;;;2026;5;2027;20;;;2025.0;88.21484375
-1;18700;KELP;2024;22;;;;;2027;22;;;;;2025.5;87.65625
-1;18700;RAINFOREST_RESIN;9995;22;;;;;10005;22;;;;;10000.0;366.0
-1;18800;RAINFOREST_RESIN;9996;2;9995;26;;;10004;2;10005;26;;;10000.0;366.0
-1;18800;KELP;2024;28;;;;;2027;28;;;;;2025.5;92.0625
-1;18900;KELP;2024;22;;;;;2027;22;;;;;2025.5;90.12109375
-1;18900;RAINFOREST_RESIN;9998;2;9995;22;;;10005;22;;;;;10001.5;366.0
-1;19000;RAINFOREST_RESIN;9996;2;9995;26;;;10004;2;10005;26;;;10000.0;366.0
-1;19000;KELP;2024;18;;;;;2027;28;;;;;2025.5;89.73046875
-1;19100;KELP;2024;28;;;;;2027;28;;;;;2025.5;89.21484375
-1;19100;RAINFOREST_RESIN;9996;2;9995;26;;;10004;2;10005;26;;;10000.0;366.0
-1;19200;RAINFOREST_RESIN;9996;1;9995;20;;;9998;1;10004;1;10005;20;9997.0;366.0
-1;19200;KELP;2024;21;;;;;2027;21;;;;;2025.5;88.0078125
-1;19300;KELP;2024;23;;;;;2027;23;;;;;2025.5;87.73046875
-1;19300;RAINFOREST_RESIN;9996;2;9995;21;;;10004;2;10005;21;;;10000.0;368.0
-1;19400;RAINFOREST_RESIN;9995;26;;;;;10005;26;;;;;10000.0;371.0
-1;19400;KELP;2023;26;;;;;2027;26;;;;;2025.0;97.84765625
-1;19500;KELP;2024;23;;;;;2027;23;;;;;2025.5;92.53125
-1;19500;RAINFOREST_RESIN;9995;23;;;;;10005;23;;;;;10000.0;371.0
-1;19600;RAINFOREST_RESIN;9996;2;9995;27;;;10004;2;10005;27;;;10000.0;371.0
-1;19600;KELP;2024;2;2023;27;;;2027;29;;;;;2025.5;97.75
-1;19700;KELP;2024;31;;;;;2026;7;2027;32;;;2025.0;96.08203125
-1;19700;RAINFOREST_RESIN;10002;1;9996;2;9995;30;10004;2;10005;30;;;10003.0;371.0
-1;19800;RAINFOREST_RESIN;9996;2;9995;29;;;10004;2;10005;29;;;10000.0;373.0
-1;19800;KELP;2024;31;;;;;2027;31;;;;;2025.5;93.8984375
-1;19900;KELP;2024;32;;;;;2027;32;;;;;2025.5;91.5546875
-1;19900;RAINFOREST_RESIN;9996;2;9995;30;;;10004;2;10005;30;;;10000.0;373.0
-1;20000;KELP;2024;2;2023;27;;;2027;27;;;;;2025.5;101.62890625
-1;20000;RAINFOREST_RESIN;9995;27;;;;;10002;4;10005;27;;;9998.5;373.0
-1;20100;RAINFOREST_RESIN;10002;1;9996;1;9995;30;10004;1;10005;30;;;10003.0;373.0
-1;20100;KELP;2023;31;;;;;2025;4;2027;31;;;2024.0;100.65625
-1;20200;RAINFOREST_RESIN;9995;29;;;;;9998;1;10005;29;;;9996.5;375.0
-1;20200;KELP;2023;29;;;;;2027;29;;;;;2025.0;102.9765625
-1;20300;KELP;2024;26;;;;;2027;27;;;;;2025.5;90.1875
-1;20300;RAINFOREST_RESIN;9995;27;;;;;10005;27;;;;;10000.0;377.0
-1;20400;KELP;2024;30;;;;;2025;4;2027;29;;;2024.5;95.2578125
-1;20400;RAINFOREST_RESIN;9996;1;9995;28;;;10000;4;10004;1;10005;28;9998.0;377.0
-1;20500;RAINFOREST_RESIN;10000;3;9996;2;9995;30;10004;2;10005;30;;;10002.0;377.0
-1;20500;KELP;2025;4;2024;7;2023;30;2027;32;;;;;2026.0;99.013671875
-1;20600;RAINFOREST_RESIN;9996;2;9995;26;;;10004;2;10005;26;;;10000.0;377.0
-1;20600;KELP;2023;28;;;;;2027;28;;;;;2025.0;99.416015625
-1;20700;KELP;2025;6;2023;22;;;2027;22;;;;;2026.0;98.900390625
-1;20700;RAINFOREST_RESIN;10002;1;10000;6;9998;4;10005;22;;;;;10003.5;377.0
-1;20800;KELP;2024;2;2023;22;;;2027;24;;;;;2025.5;98.73046875
-1;20800;RAINFOREST_RESIN;9996;2;9995;22;;;10004;2;10005;22;;;10000.0;379.0
-1;20900;RAINFOREST_RESIN;9995;23;;;;;10005;23;;;;;10000.0;379.0
-1;20900;KELP;2026;1;2023;23;;;2027;23;;;;;2026.5;98.1015625
-1;21000;RAINFOREST_RESIN;9996;2;9995;26;;;10004;2;10005;26;;;10000.0;379.0
-1;21000;KELP;2024;28;;;;;2027;28;;;;;2025.5;98.17578125
-1;21100;KELP;2024;2;2023;22;;;2027;24;;;;;2025.5;99.515625
-1;21100;RAINFOREST_RESIN;9996;2;9995;22;;;10004;2;10005;22;;;10000.0;379.0
-1;21200;KELP;2024;22;;;;;2027;22;;;;;2025.5;97.36328125
-1;21200;RAINFOREST_RESIN;9995;22;;;;;9998;1;10005;22;;;9996.5;379.0
-1;21300;RAINFOREST_RESIN;9996;1;9995;29;;;10002;7;10004;1;10005;29;9999.0;381.0
-1;21300;KELP;2024;1;2023;29;;;2027;30;;;;;2025.5;99.103515625
-1;21400;RAINFOREST_RESIN;9995;28;;;;;10005;28;;;;;10000.0;405.0
-1;21400;KELP;2024;28;;;;;2027;28;;;;;2025.5;97.544921875
-1;21500;KELP;2026;4;2024;21;;;2027;21;;;;;2026.5;91.556640625
-1;21500;RAINFOREST_RESIN;9996;1;9995;20;;;10004;1;10005;20;;;10000.0;405.0
-1;21600;KELP;2024;27;;;;;2027;2;2028;25;;;2025.5;90.40625
-1;21600;RAINFOREST_RESIN;10002;12;9996;2;9995;25;10004;2;10005;25;;;10003.0;405.0
-1;21700;RAINFOREST_RESIN;9998;8;9996;2;9995;29;10004;2;10005;29;;;10001.0;429.0
-1;21700;KELP;2024;31;;;;;2027;31;;;;;2025.5;92.10546875
-1;21800;RAINFOREST_RESIN;9996;2;9995;22;;;10004;2;10005;22;;;10000.0;429.0
-1;21800;KELP;2024;24;;;;;2028;24;;;;;2026.0;89.52734375
-1;21900;KELP;2024;22;;;;;2028;22;;;;;2026.0;88.3984375
-1;21900;RAINFOREST_RESIN;10002;3;9996;1;9995;21;10004;1;10005;21;;;10003.0;429.0
-1;22000;KELP;2024;21;;;;;2028;21;;;;;2026.0;91.96875
-1;22000;RAINFOREST_RESIN;9995;21;;;;;10005;21;;;;;10000.0;435.0
-1;22100;RAINFOREST_RESIN;9996;2;9995;22;;;10002;7;10004;2;10005;22;9999.0;435.0
-1;22100;KELP;2024;23;;;;;2027;24;;;;;2025.5;100.56640625
-1;22200;RAINFOREST_RESIN;9998;6;9996;1;9995;20;10004;1;10005;20;;;10001.0;435.0
-1;22200;KELP;2024;21;;;;;2027;21;;;;;2025.5;105.8671875
-1;22300;KELP;2023;29;;;;;2026;1;2027;28;;;2024.5;119.52734375
-1;22300;RAINFOREST_RESIN;9996;1;9995;28;;;10004;1;10005;28;;;10000.0;446.0
-1;22400;KELP;2023;29;;;;;2026;29;;;;;2024.5;120.6953125
-1;22400;RAINFOREST_RESIN;9996;2;9995;27;;;9998;1;10004;2;10005;27;9997.0;446.0
-1;22500;RAINFOREST_RESIN;9996;2;9995;29;;;10004;2;10005;29;;;10000.0;475.0
-1;22500;KELP;2023;31;;;;;2026;31;;;;;2024.5;126.7734375
-1;22600;RAINFOREST_RESIN;10000;6;9998;6;9996;2;10004;2;10005;20;;;10002.0;475.0
-1;22600;KELP;2024;6;2023;26;;;2026;22;;;;;2025.0;134.7421875
-1;22700;KELP;2023;25;;;;;2026;26;;;;;2024.5;136.078125
-1;22700;RAINFOREST_RESIN;9996;2;9995;24;;;10004;2;10005;24;;;10000.0;475.0
-1;22800;KELP;2023;27;;;;;2026;28;;;;;2024.5;143.5
-1;22800;RAINFOREST_RESIN;9996;1;9995;27;;;9998;2;10004;1;10005;27;9997.0;475.0
-1;22900;RAINFOREST_RESIN;9996;2;9995;30;;;10002;8;10004;2;10005;30;9999.0;479.0
-1;22900;KELP;2023;2;2022;30;;;2026;32;;;;;2024.5;145.453125
-1;23000;RAINFOREST_RESIN;9996;1;9995;21;;;10004;1;10005;21;;;10000.0;479.0
-1;23000;KELP;2022;22;;;;;2026;22;;;;;2024.0;150.6015625
-1;23100;KELP;2023;23;;;;;2026;23;;;;;2024.5;140.5
-1;23100;RAINFOREST_RESIN;9998;8;9995;23;;;10005;23;;;;;10001.5;479.0
-1;23200;KELP;2023;2;2022;29;;;2024;3;2026;31;;;2023.5;144.84375
-1;23200;RAINFOREST_RESIN;9998;5;9996;2;9995;29;10004;2;10005;29;;;10001.0;479.0
-1;23300;RAINFOREST_RESIN;9996;1;9995;29;;;10004;1;10005;29;;;10000.0;481.0
-1;23300;KELP;2023;30;;;;;2026;30;;;;;2024.5;138.3046875
-1;23400;RAINFOREST_RESIN;9996;1;9995;29;;;10004;1;10005;29;;;10000.0;481.0
-1;23400;KELP;2023;30;;;;;2026;30;;;;;2024.5;137.8828125
-1;23500;KELP;2023;29;;;;;2025;4;2026;30;;;2024.0;138.2265625
-1;23500;RAINFOREST_RESIN;9998;8;9996;2;9995;28;10004;2;10005;28;;;10001.0;481.0
-1;23600;KELP;2022;27;;;;;2026;27;;;;;2024.0;144.765625
-1;23600;RAINFOREST_RESIN;9995;27;;;;;10005;27;;;;;10000.0;481.0
-1;23700;RAINFOREST_RESIN;10002;1;9996;2;9995;21;10004;2;10005;21;;;10003.0;481.0
-1;23700;KELP;2023;2;2022;21;;;2025;7;2026;23;;;2024.0;144.3125
-1;23800;RAINFOREST_RESIN;9995;30;;;;;10005;30;;;;;10000.0;507.0
-1;23800;KELP;2024;1;2022;30;;;2026;30;;;;;2025.0;156.6328125
-1;23900;KELP;2025;1;2023;1;2022;30;2026;30;;;;;2025.5;147.9765625
-1;23900;RAINFOREST_RESIN;9995;30;;;;;10005;30;;;;;10000.0;507.0
-1;24000;KELP;2022;29;;;;;2026;29;;;;;2024.0;149.09375
-1;24000;RAINFOREST_RESIN;9998;9;9995;29;;;10005;29;;;;;10001.5;507.0
-1;24100;RAINFOREST_RESIN;9996;1;9995;25;;;10004;1;10005;25;;;10000.0;507.0
-1;24100;KELP;2023;1;2022;25;;;2025;3;2026;26;;;2024.0;144.8359375
-1;24200;RAINFOREST_RESIN;9996;2;9995;28;;;10002;6;10004;2;10005;28;9999.0;531.0
-1;24200;KELP;2023;30;;;;;2026;30;;;;;2024.5;138.9921875
-1;24300;KELP;2023;26;;;;;2026;26;;;;;2024.5;138.0703125
-1;24300;RAINFOREST_RESIN;9996;2;9995;24;;;10002;1;10004;2;10005;24;9999.0;531.0
-1;24400;KELP;2025;1;2023;22;;;2026;22;;;;;2025.5;142.9296875
-1;24400;RAINFOREST_RESIN;10002;1;9998;4;9996;1;10004;1;10005;21;;;10003.0;531.0
-1;24500;RAINFOREST_RESIN;10002;1;9996;1;9995;25;10004;1;10005;25;;;10003.0;533.0
-1;24500;KELP;2022;26;;;;;2026;26;;;;;2024.0;153.15625
-1;24600;RAINFOREST_RESIN;9995;24;;;;;9998;2;10005;24;;;9996.5;541.0
-1;24600;KELP;2022;24;;;;;2024;2;2026;24;;;2023.0;149.0859375
-1;24700;KELP;2023;25;;;;;2026;25;;;;;2024.5;143.96875
-1;24700;RAINFOREST_RESIN;9995;25;;;;;10005;25;;;;;10000.0;545.0
-1;24800;KELP;2022;23;;;;;2026;23;;;;;2024.0;154.0546875
-1;24800;RAINFOREST_RESIN;9995;23;;;;;10005;23;;;;;10000.0;545.0
-1;24900;RAINFOREST_RESIN;10002;1;9996;1;9995;22;10004;1;10005;22;;;10003.0;545.0
-1;24900;KELP;2024;4;2022;23;;;2026;23;;;;;2025.0;151.8046875
-1;25000;RAINFOREST_RESIN;9995;23;;;;;10005;23;;;;;10000.0;547.0
-1;25000;KELP;2023;23;;;;;2026;23;;;;;2024.5;144.875
-1;25100;KELP;2022;25;;;;;2024;4;2026;25;;;2023.0;150.3046875
-1;25100;RAINFOREST_RESIN;10002;1;9995;25;;;10005;25;;;;;10003.5;547.0
-1;25200;KELP;2023;1;2022;24;;;2025;3;2026;25;;;2024.0;148.765625
-1;25200;RAINFOREST_RESIN;9996;1;9995;24;;;9998;5;10004;1;10005;24;9997.0;549.0
-1;25300;RAINFOREST_RESIN;9996;2;9995;22;;;10004;2;10005;22;;;10000.0;559.0
-1;25300;KELP;2023;4;2022;22;;;2026;24;;;;;2024.5;148.8125
-1;25400;RAINFOREST_RESIN;9996;1;9995;29;;;10004;1;10005;29;;;10000.0;559.0
-1;25400;KELP;2025;8;2023;30;;;2026;30;;;;;2025.5;146.3828125
-1;25500;KELP;2022;21;;;;;2025;21;;;;;2023.5;178.3828125
-1;25500;RAINFOREST_RESIN;9996;1;9995;20;;;9998;6;10002;9;10004;1;9997.0;559.0
-1;25600;KELP;2023;31;;;;;2026;23;;;;;2024.5;151.5703125
-1;25600;RAINFOREST_RESIN;9996;1;9995;22;;;10002;7;10004;1;10005;22;9999.0;571.0
-1;25700;RAINFOREST_RESIN;9996;2;9995;30;;;10004;2;10005;30;;;10000.0;571.0
-1;25700;KELP;2023;32;;;;;2025;6;2026;32;;;2024.0;145.1796875
-1;25800;RAINFOREST_RESIN;10002;4;9995;24;;;10005;24;;;;;10003.5;583.0
-1;25800;KELP;2023;23;;;;;2026;24;;;;;2024.5;137.390625
-1;25900;KELP;2023;25;;;;;2026;25;;;;;2024.5;147.796875
-1;25900;RAINFOREST_RESIN;9996;2;9995;23;;;10004;2;10005;23;;;10000.0;591.0
-1;26000;RAINFOREST_RESIN;9996;2;9995;27;;;10004;2;10005;27;;;10000.0;591.0
-1;26000;KELP;2023;22;;;;;2026;29;;;;;2024.5;153.890625
-1;26100;KELP;2023;20;;;;;2026;20;;;;;2024.5;146.8515625
-1;26100;RAINFOREST_RESIN;9998;7;9995;20;;;10005;20;;;;;10001.5;591.0
-1;26200;RAINFOREST_RESIN;9996;1;9995;22;;;10004;1;10005;22;;;10000.0;591.0
-1;26200;KELP;2023;23;;;;;2026;23;;;;;2024.5;144.9453125
-1;26300;KELP;2023;30;;;;;2026;30;;;;;2024.5;146.8203125
-1;26300;RAINFOREST_RESIN;9996;1;9995;29;;;9998;1;10004;1;10005;29;9997.0;591.0
-1;26400;RAINFOREST_RESIN;9995;22;;;;;10005;22;;;;;10000.0;593.0
-1;26400;KELP;2023;27;;;;;2026;22;;;;;2024.5;150.4375
-1;26500;KELP;2023;24;;;;;2026;24;;;;;2024.5;151.2734375
-1;26500;RAINFOREST_RESIN;9996;1;9995;23;;;10004;1;10005;23;;;10000.0;593.0
-1;26600;RAINFOREST_RESIN;9996;2;9995;28;;;9998;1;10004;2;10005;28;9997.0;593.0
-1;26600;KELP;2023;36;;;;;2026;30;;;;;2024.5;147.4453125
-1;26700;KELP;2023;24;;;;;2025;6;2026;24;;;2024.0;147.9453125
-1;26700;RAINFOREST_RESIN;9998;2;9996;1;9995;23;10004;1;10005;23;;;10001.0;595.0
-1;26800;RAINFOREST_RESIN;9996;2;9995;28;;;10004;2;10005;28;;;10000.0;595.0
-1;26800;KELP;2025;1;2023;30;;;2026;30;;;;;2025.5;149.3671875
-1;26900;KELP;2023;29;;;;;2026;30;;;;;2024.5;150.9375
-1;26900;RAINFOREST_RESIN;10002;1;9995;30;;;10005;30;;;;;10003.5;595.0
-1;27000;RAINFOREST_RESIN;9995;28;;;;;10002;1;10005;28;;;9998.5;597.0
-1;27000;KELP;2023;30;;;;;2026;28;;;;;2024.5;150.4140625
-1;27100;KELP;2023;27;;;;;2026;24;;;;;2024.5;146.21875
-1;27100;RAINFOREST_RESIN;9995;24;;;;;10005;24;;;;;10000.0;597.0
-1;27200;RAINFOREST_RESIN;9998;2;9995;21;;;10005;21;;;;;10001.5;597.0
-1;27200;KELP;2023;21;;;;;2025;2;2026;21;;;2024.0;148.140625
-1;27300;KELP;2025;1;2023;31;;;2026;31;;;;;2025.5;146.7421875
-1;27300;RAINFOREST_RESIN;9996;2;9995;29;;;10004;2;10005;29;;;10000.0;597.0
-1;27400;RAINFOREST_RESIN;9995;21;;;;;10005;21;;;;;10000.0;597.0
-1;27400;KELP;2023;21;;;;;2026;21;;;;;2024.5;135.5078125
-1;27500;KELP;2023;23;;;;;2025;6;2026;23;;;2024.0;133.4921875
-1;27500;RAINFOREST_RESIN;9996;1;9995;22;;;10004;1;10005;22;;;10000.0;597.0
-1;27600;RAINFOREST_RESIN;9998;5;9995;24;;;10005;24;;;;;10001.5;597.0
-1;27600;KELP;2023;30;;;;;2026;24;;;;;2024.5;139.125
-1;27700;KELP;2023;19;;;;;2026;24;;;;;2024.5;137.046875
-1;27700;RAINFOREST_RESIN;9995;24;;;;;10005;24;;;;;10000.0;597.0
-1;27800;RAINFOREST_RESIN;9998;9;9996;2;9995;26;10004;2;10005;26;;;10001.0;597.0
-1;27800;KELP;2023;28;;;;;2025;3;2026;28;;;2024.0;131.3515625
-1;27900;KELP;2025;1;2023;29;;;2026;29;;;;;2025.5;134.671875
-1;27900;RAINFOREST_RESIN;9996;2;9995;27;;;10002;4;10004;2;10005;27;9999.0;597.0
-1;28000;RAINFOREST_RESIN;9998;2;9995;28;;;10005;28;;;;;10001.5;597.0
-1;28000;KELP;2023;28;;;;;2026;28;;;;;2024.5;130.59375
-1;28100;KELP;2023;26;;;;;2026;26;;;;;2024.5;134.703125
-1;28100;RAINFOREST_RESIN;9996;2;9995;24;;;10004;2;10005;24;;;10000.0;597.0
-1;28200;RAINFOREST_RESIN;9996;1;9995;25;;;9998;2;10004;1;10005;25;9997.0;597.0
-1;28200;KELP;2023;26;;;;;2025;5;2026;1;2027;25;2024.0;124.234375
-1;28300;KELP;2023;24;;;;;2024;2;2027;24;;;2023.5;121.2578125
-1;28300;RAINFOREST_RESIN;9996;1;9995;23;;;10004;1;10005;23;;;10000.0;601.0
-1;28400;RAINFOREST_RESIN;9996;2;9995;23;;;10004;2;10005;23;;;10000.0;601.0
-1;28400;KELP;2023;24;;;;;2027;25;;;;;2025.0;125.0859375
-1;28500;KELP;2023;23;;;;;2027;23;;;;;2025.0;119.8828125
-1;28500;RAINFOREST_RESIN;9998;10;9995;23;;;10005;23;;;;;10001.5;601.0
-1;28600;RAINFOREST_RESIN;10002;1;9996;2;9995;21;10004;2;10005;21;;;10003.0;601.0
-1;28600;KELP;2023;23;;;;;2025;8;2027;23;;;2024.0;119.46875
-1;28700;RAINFOREST_RESIN;9995;30;;;;;10005;30;;;;;10000.0;603.0
-1;28700;KELP;2023;30;;;;;2027;30;;;;;2025.0;116.484375
-1;28800;RAINFOREST_RESIN;9995;27;;;;;10005;27;;;;;10000.0;603.0
-1;28800;KELP;2024;27;;;;;2027;27;;;;;2025.5;108.03125
-1;28900;KELP;2024;26;;;;;2027;22;;;;;2025.5;91.7109375
-1;28900;RAINFOREST_RESIN;9998;7;9996;1;9995;21;10004;1;10005;21;;;10001.0;603.0
-1;29000;KELP;2024;23;;;;;2027;24;;;;;2025.5;102.8828125
-1;29000;RAINFOREST_RESIN;9995;24;;;;;10005;24;;;;;10000.0;603.0
-1;29100;RAINFOREST_RESIN;9996;2;9995;26;;;10004;2;10005;26;;;10000.0;635.0
-1;29100;KELP;2024;31;;;;;2027;28;;;;;2025.5;97.890625
-1;29200;RAINFOREST_RESIN;9996;1;9995;30;;;10004;1;10005;30;;;10000.0;635.0
-1;29200;KELP;2026;1;2024;31;;;2027;31;;;;;2026.5;101.3046875
-1;29300;KELP;2024;32;;;;;2026;2;2027;32;;;2025.0;100.5546875
-1;29300;RAINFOREST_RESIN;9996;2;9995;30;;;10002;3;10004;2;10005;30;9999.0;635.0
-1;29400;KELP;2024;25;;;;;2027;26;;;;;2025.5;100.5546875
-1;29400;RAINFOREST_RESIN;10002;1;9996;1;9995;25;10004;1;10005;25;;;10003.0;635.0
-1;29500;RAINFOREST_RESIN;9996;2;9995;27;;;10004;2;10005;27;;;10000.0;637.0
-1;29500;KELP;2024;31;;;;;2027;29;;;;;2025.5;99.6484375
-1;29600;RAINFOREST_RESIN;9996;2;9995;28;;;10004;2;10005;28;;;10000.0;637.0
-1;29600;KELP;2024;2;2023;28;;;2025;3;2027;30;;;2024.5;115.421875
-1;29700;KELP;2024;28;;;;;2027;26;;;;;2025.5;87.015625
-1;29700;RAINFOREST_RESIN;9996;1;9995;25;;;10002;4;10004;1;10005;25;9999.0;637.0
-1;29800;KELP;2024;31;;;;;2026;1;2027;1;2028;30;2025.0;82.7578125
-1;29800;RAINFOREST_RESIN;9998;6;9996;1;9995;30;10004;1;10005;30;;;10001.0;637.0
-1;29900;RAINFOREST_RESIN;9995;21;;;;;10005;21;;;;;10000.0;637.0
-1;29900;KELP;2025;8;2024;21;;;2028;21;;;;;2026.5;79.7109375
-1;30000;RAINFOREST_RESIN;9998;3;9996;1;9995;30;10004;1;10005;30;;;10001.0;637.0
-1;30000;KELP;2024;31;;;;;2028;31;;;;;2026.0;74.890625
-1;30100;KELP;2024;30;;;;;2027;30;;;;;2025.5;88.1171875
-1;30100;RAINFOREST_RESIN;9996;2;9995;28;;;10004;2;10005;28;;;10000.0;641.0
-1;30200;KELP;2024;22;;;;;2027;22;;;;;2025.5;84.28125
-1;30200;RAINFOREST_RESIN;9996;2;9995;20;;;10004;2;10005;20;;;10000.0;641.0
-1;30300;RAINFOREST_RESIN;9996;2;9995;29;;;10002;9;10004;2;10005;29;9999.0;641.0
-1;30300;KELP;2026;1;2024;31;;;2027;31;;;;;2026.5;90.90625
-1;30400;RAINFOREST_RESIN;10000;5;9996;2;9995;29;10002;8;10004;2;10005;29;10001.0;641.0
-1;30400;KELP;2025;5;2024;31;;;2027;31;;;;;2026.0;98.4296875
-1;30500;KELP;2024;22;;;;;2027;22;;;;;2025.5;111.109375
-1;30500;RAINFOREST_RESIN;9998;5;9996;2;9995;20;10004;2;10005;20;;;10001.0;641.0
-1;30600;KELP;2024;1;2023;20;;;2027;22;;;;;2025.5;114.2265625
-1;30600;RAINFOREST_RESIN;9996;2;9995;20;;;10002;4;10004;2;10005;20;9999.0;641.0
-1;30700;RAINFOREST_RESIN;9995;30;;;;;10005;30;;;;;10000.0;642.0
-1;30700;KELP;2024;30;;;;;2027;30;;;;;2025.5;111.09375
-1;30800;RAINFOREST_RESIN;9996;1;9995;30;;;10004;1;10005;30;;;10000.0;642.0
-1;30800;KELP;2024;4;2023;30;;;2027;31;;;;;2025.5;113.1171875
-1;30900;KELP;2023;30;;;;;2025;7;2026;30;;;2024.0;141.90625
-1;30900;RAINFOREST_RESIN;9996;2;9995;28;;;10002;6;10004;2;10005;28;9999.0;642.0
-1;31000;KELP;2024;4;2023;30;;;2026;23;;;;;2025.0;138.25
-1;31000;RAINFOREST_RESIN;10000;4;9996;1;9995;22;10004;1;10005;22;;;10002.0;642.0
-1;31100;RAINFOREST_RESIN;9996;2;9995;27;;;10004;2;10005;27;;;10000.0;642.0
-1;31100;KELP;2023;29;;;;;2026;2;2027;27;;;2024.5;133.1328125
-1;31200;RAINFOREST_RESIN;9996;2;9995;29;;;10002;6;10004;2;10005;29;9999.0;642.0
-1;31200;KELP;2023;31;;;;;2026;31;;;;;2024.5;134.75
-1;31300;KELP;2023;24;;;;;2026;24;;;;;2024.5;136.1484375
-1;31300;RAINFOREST_RESIN;9996;1;9995;23;;;10004;1;10005;23;;;10000.0;642.0
-1;31400;KELP;2023;26;;;;;2026;26;;;;;2024.5;153.2421875
-1;31400;RAINFOREST_RESIN;9995;26;;;;;9998;1;10005;26;;;9996.5;642.0
-1;31500;RAINFOREST_RESIN;9995;30;;;;;10005;30;;;;;10000.0;644.0
-1;31500;KELP;2023;35;;;;;2026;30;;;;;2024.5;150.9921875
-1;31600;RAINFOREST_RESIN;9995;27;;;;;10005;27;;;;;10000.0;644.0
-1;31600;KELP;2025;1;2023;27;;;2026;27;;;;;2025.5;147.53125
-1;31700;KELP;2023;24;;;;;2025;3;2026;24;;;2024.0;147.015625
-1;31700;RAINFOREST_RESIN;9996;2;9995;22;;;10004;2;10005;22;;;10000.0;644.0
-1;31800;KELP;2024;6;2023;26;;;2026;1;2027;25;;;2025.0;140.8125
-1;31800;RAINFOREST_RESIN;10000;6;9996;1;9995;25;10004;1;10005;25;;;10002.0;644.0
-1;31900;RAINFOREST_RESIN;9998;3;9995;28;;;10005;28;;;;;10001.5;644.0
-1;31900;KELP;2024;4;2023;28;;;2027;28;;;;;2025.5;140.3046875
-1;32000;RAINFOREST_RESIN;9996;1;9995;24;;;10004;1;10005;24;;;10000.0;652.0
-1;32000;KELP;2024;2;2023;25;;;2026;1;2027;24;;;2025.0;142.5234375
-1;32100;KELP;2023;29;;;;;2026;29;;;;;2024.5;154.796875
-1;32100;RAINFOREST_RESIN;9996;1;9995;28;;;10004;1;10005;28;;;10000.0;652.0
-1;32200;KELP;2023;28;;;;;2027;28;;;;;2025.0;138.0390625
-1;32200;RAINFOREST_RESIN;9996;1;9995;27;;;10004;1;10005;27;;;10000.0;652.0
-1;32300;RAINFOREST_RESIN;9995;25;;;;;10005;25;;;;;10000.0;652.0
-1;32300;KELP;2023;25;;;;;2026;25;;;;;2024.5;148.921875
-1;32400;RAINFOREST_RESIN;9996;1;9995;30;;;10004;1;10005;30;;;10000.0;652.0
-1;32400;KELP;2023;30;;;;;2026;1;2027;30;;;2024.5;143.1640625
-1;32500;KELP;2023;21;;;;;2025;5;2027;22;;;2024.0;138.21875
-1;32500;RAINFOREST_RESIN;9998;1;9996;1;9995;21;10004;1;10005;21;;;10001.0;652.0
-1;32600;KELP;2023;30;;;;;2027;30;;;;;2025.0;135.8515625
-1;32600;RAINFOREST_RESIN;10002;1;9995;30;;;10005;30;;;;;10003.5;652.0
-1;32700;RAINFOREST_RESIN;9996;2;9995;22;;;10004;2;10005;22;;;10000.0;662.0
-1;32700;KELP;2023;24;;;;;2026;2;2027;22;;;2024.5;142.6953125
-1;32800;RAINFOREST_RESIN;9996;2;9995;28;;;10004;2;10005;28;;;10000.0;662.0
-1;32800;KELP;2023;30;;;;;2026;2;2027;28;;;2024.5;143.59375
-1;32900;KELP;2023;29;;;;;2026;2;2027;27;;;2024.5;146.421875
-1;32900;RAINFOREST_RESIN;9996;2;9995;27;;;10004;2;10005;27;;;10000.0;689.0
-1;33000;KELP;2025;1;2023;30;;;2026;30;;;;;2025.5;150.828125
-1;33000;RAINFOREST_RESIN;9996;2;9995;28;;;10004;2;10005;28;;;10000.0;689.0
-1;33100;RAINFOREST_RESIN;9996;1;9995;28;;;10004;1;10005;28;;;10000.0;689.0
-1;33100;KELP;2023;28;;;;;2025;3;2026;29;;;2024.0;150.6796875
-1;33200;RAINFOREST_RESIN;9996;1;9995;20;;;10002;7;10004;1;10005;20;9999.0;689.0
-1;33200;KELP;2023;20;;;;;2024;10;2026;1;2027;20;2023.5;143.265625
-1;33300;KELP;2024;1;2023;20;;;2027;21;;;;;2025.5;142.05859375
-1;33300;RAINFOREST_RESIN;9996;1;9995;20;;;10004;1;10005;20;;;10000.0;689.0
-1;33400;KELP;2023;32;;;;;2027;32;;;;;2025.0;145.93359375
-1;33400;RAINFOREST_RESIN;9996;2;9995;30;;;10002;3;10004;2;10005;30;9999.0;689.0
-1;33500;RAINFOREST_RESIN;9996;1;9995;20;;;10004;1;10005;20;;;10000.0;689.0
-1;33500;KELP;2023;21;;;;;2026;21;;;;;2024.5;159.94140625
-1;33600;RAINFOREST_RESIN;10002;6;9995;27;;;10005;27;;;;;10003.5;692.0
-1;33600;KELP;2023;27;;;;;2026;27;;;;;2024.5;162.45703125
-1;33700;KELP;2023;32;;;;;2026;28;;;;;2024.5;165.72265625
-1;33700;RAINFOREST_RESIN;9996;1;9995;27;;;10002;1;10004;1;10005;27;9999.0;704.0
-1;33800;KELP;2024;3;2023;31;;;2026;26;;;;;2025.0;170.67578125
-1;33800;RAINFOREST_RESIN;9996;1;9995;25;;;10004;1;10005;25;;;10000.0;704.0
-1;33900;RAINFOREST_RESIN;9995;24;;;;;10005;24;;;;;10000.0;704.0
-1;33900;KELP;2023;24;;;;;2026;24;;;;;2024.5;165.72265625
-1;34000;RAINFOREST_RESIN;10002;1;9995;30;;;10005;30;;;;;10003.5;704.0
-1;34000;KELP;2023;29;;;;;2025;8;2026;30;;;2024.0;164.15234375
-1;34100;KELP;2023;25;;;;;2026;23;;;;;2024.5;168.5703125
-1;34100;RAINFOREST_RESIN;9996;1;9995;22;;;10004;1;10005;22;;;10000.0;706.0
-1;34200;KELP;2022;23;;;;;2024;1;2026;23;;;2023.0;179.63671875
-1;34200;RAINFOREST_RESIN;9995;23;;;;;10005;23;;;;;10000.0;715.0
-1;34300;RAINFOREST_RESIN;10002;1;9996;1;9995;22;10004;1;10005;22;;;10003.0;715.0
-1;34300;KELP;2022;23;;;;;2026;23;;;;;2024.0;191.3203125
-1;34400;RAINFOREST_RESIN;9996;2;9995;23;;;10004;2;10005;23;;;10000.0;717.0
-1;34400;KELP;2023;3;2022;25;;;2025;2;2026;23;;;2024.0;191.828125
-1;34500;KELP;2022;30;;;;;2023;5;2024;1;2026;30;2022.5;191.6484375
-1;34500;RAINFOREST_RESIN;9995;30;;;;;10005;30;;;;;10000.0;717.0
-1;34600;KELP;2022;29;;;;;2023;1;2026;29;;;2022.5;192.5859375
-1;34600;RAINFOREST_RESIN;9995;29;;;;;10005;29;;;;;10000.0;717.0
-1;34700;RAINFOREST_RESIN;9998;6;9995;24;;;10005;24;;;;;10001.5;717.0
-1;34700;KELP;2023;24;;;;;2026;24;;;;;2024.5;191.20703125
-1;34800;RAINFOREST_RESIN;9996;2;9995;23;;;10004;2;10005;23;;;10000.0;717.0
-1;34800;KELP;2023;2;2022;23;;;2026;25;;;;;2024.5;192.88671875
-1;34900;KELP;2023;21;;;;;2026;21;;;;;2024.5;190.80859375
-1;34900;RAINFOREST_RESIN;9996;1;9995;20;;;10004;1;10005;20;;;10000.0;717.0
-1;35000;RAINFOREST_RESIN;10002;1;9995;20;;;10005;20;;;;;10003.5;717.0
-1;35000;KELP;2025;1;2023;20;;;2026;20;;;;;2025.5;181.65625
-1;35100;KELP;2023;31;;;;;2026;31;;;;;2024.5;187.18359375
-1;35100;RAINFOREST_RESIN;10002;3;9996;2;9995;29;10004;2;10005;29;;;10003.0;719.0
-1;35200;RAINFOREST_RESIN;9996;2;9995;28;;;10002;10;10004;2;10005;28;9999.0;725.0
-1;35200;KELP;2023;33;;;;;2026;30;;;;;2024.5;184.125
-1;35300;KELP;2023;20;;;;;2026;28;;;;;2024.5;190.1484375
-1;35300;RAINFOREST_RESIN;9998;6;9996;1;9995;27;10004;1;10005;27;;;10001.0;725.0
-1;35400;RAINFOREST_RESIN;10002;3;9995;25;;;10005;25;;;;;10003.5;725.0
-1;35400;KELP;2025;1;2023;27;;;2026;25;;;;;2025.5;190.89453125
-1;35500;KELP;2023;28;;;;;2026;28;;;;;2024.5;190.8515625
-1;35500;RAINFOREST_RESIN;9996;2;9995;26;;;10004;2;10005;26;;;10000.0;731.0
-1;35600;RAINFOREST_RESIN;9995;26;;;;;10005;26;;;;;10000.0;731.0
-1;35600;KELP;2023;26;;;;;2026;26;;;;;2024.5;192.22265625
-1;35700;KELP;2023;29;;;;;2026;29;;;;;2024.5;190.28125
-1;35700;RAINFOREST_RESIN;9996;2;9995;27;;;10004;2;10005;27;;;10000.0;731.0
-1;35800;RAINFOREST_RESIN;9998;7;9996;1;9995;30;10004;1;10005;30;;;10001.0;731.0
-1;35800;KELP;2023;29;;;;;2026;31;;;;;2024.5;190.6796875
-1;35900;KELP;2023;2;2022;21;;;2026;23;;;;;2024.5;194.390625
-1;35900;RAINFOREST_RESIN;9996;2;9995;21;;;10004;2;10005;21;;;10000.0;731.0
-1;36000;RAINFOREST_RESIN;9995;30;;;;;10002;5;10005;30;;;9998.5;731.0
-1;36000;KELP;2022;30;;;;;2024;3;2026;30;;;2023.0;194.30859375
-1;36100;KELP;2022;26;;;;;2025;2;2026;24;;;2023.5;199.59375
-1;36100;RAINFOREST_RESIN;10002;8;9996;2;9995;24;10004;2;10005;24;;;10003.0;731.0
-1;36200;RAINFOREST_RESIN;9996;1;9995;29;;;9998;1;10004;1;10005;29;9997.0;747.0
-1;36200;KELP;2022;30;;;;;2025;1;2026;29;;;2023.5;199.4296875
-1;36300;KELP;2022;22;;;;;2024;6;2025;22;;;2023.0;201.22265625
-1;36300;RAINFOREST_RESIN;9996;1;9995;21;;;10004;1;10005;21;;;10000.0;749.0
-1;36400;RAINFOREST_RESIN;9998;1;9996;1;9995;20;10004;1;10005;20;;;10001.0;749.0
-1;36400;KELP;2024;1;2023;3;2022;21;2025;1;2026;20;;;2024.5;200.45703125
-1;36500;KELP;2022;25;;;;;2023;2;2025;25;;;2022.5;203.7421875
-1;36500;RAINFOREST_RESIN;9995;25;;;;;10005;25;;;;;10000.0;749.0
-1;36600;RAINFOREST_RESIN;9996;1;9995;28;;;10004;1;10005;28;;;10000.0;749.0
-1;36600;KELP;2022;29;;;;;2025;29;;;;;2023.5;203.1796875
-1;36700;KELP;2021;21;;;;;2025;21;;;;;2023.0;218.18359375
-1;36700;RAINFOREST_RESIN;9995;21;;;;;10005;21;;;;;10000.0;749.0
-1;36800;RAINFOREST_RESIN;9995;30;;;;;10005;30;;;;;10000.0;749.0
-1;36800;KELP;2021;30;;;;;2025;30;;;;;2023.0;216.88671875
-1;36900;KELP;2021;27;;;;;2024;27;;;;;2022.5;227.59375
-1;36900;RAINFOREST_RESIN;9996;1;9995;26;;;10004;1;10005;26;;;10000.0;749.0
-1;37000;RAINFOREST_RESIN;9996;2;9995;23;;;10004;2;10005;23;;;10000.0;749.0
-1;37000;KELP;2020;25;;;;;2024;25;;;;;2022.0;234.05859375
-1;37100;KELP;2021;27;;;;;2024;23;;;;;2022.5;223.234375
-1;37100;RAINFOREST_RESIN;9996;2;9995;21;;;10004;2;10005;21;;;10000.0;749.0
-1;37200;RAINFOREST_RESIN;9996;1;9995;20;;;10004;1;10005;20;;;10000.0;749.0
-1;37200;KELP;2021;25;;;;;2024;21;;;;;2022.5;224.28125
-1;37300;KELP;2022;4;2021;28;;;2024;1;2025;27;;;2023.0;219.203125
-1;37300;RAINFOREST_RESIN;9996;1;9995;27;;;9998;10;10002;4;10004;1;9997.0;749.0
-1;37400;RAINFOREST_RESIN;10002;1;9998;2;9995;30;10005;30;;;;;10003.5;769.0
-1;37400;KELP;2021;30;;;;;2024;30;;;;;2022.5;220.890625
-1;37500;KELP;2020;27;;;;;2024;27;;;;;2022.0;232.9921875
-1;37500;RAINFOREST_RESIN;9996;2;9995;25;;;10004;2;10005;25;;;10000.0;771.0
-1;37600;KELP;2020;22;;;;;2024;22;;;;;2022.0;236.279296875
-1;37600;RAINFOREST_RESIN;9995;22;;;;;10002;7;10005;22;;;9998.5;774.0
-1;37700;RAINFOREST_RESIN;9996;1;9995;23;;;10004;1;10005;23;;;10000.0;774.0
-1;37700;KELP;2020;24;;;;;2024;24;;;;;2022.0;235.623046875
-1;37800;RAINFOREST_RESIN;9995;25;;;;;10005;25;;;;;10000.0;774.0
-1;37800;KELP;2020;24;;;;;2024;25;;;;;2022.0;237.19921875
-1;37900;KELP;2019;25;;;;;2023;25;;;;;2021.0;250.072265625
-1;37900;RAINFOREST_RESIN;9995;25;;;;;10005;25;;;;;10000.0;774.0
-1;38000;KELP;2019;32;;;;;2021;4;2023;32;;;2020.0;250.212890625
-1;38000;RAINFOREST_RESIN;10002;1;9996;2;9995;30;10004;2;10005;30;;;10003.0;774.0
-1;38100;RAINFOREST_RESIN;9996;2;9995;26;;;10002;2;10004;2;10005;26;9999.0;776.0
-1;38100;KELP;2019;28;;;;;2022;2;2023;26;;;2020.5;252.533203125
-1;38200;RAINFOREST_RESIN;9996;1;9995;27;;;10004;1;10005;27;;;10000.0;776.0
-1;38200;KELP;2019;28;;;;;2023;28;;;;;2021.0;248.419921875
-1;38300;KELP;2019;26;;;;;2022;26;;;;;2020.5;254.17578125
-1;38300;RAINFOREST_RESIN;9998;5;9995;26;;;10005;26;;;;;10001.5;776.0
-1;38400;KELP;2019;24;;;;;2020;6;2022;24;;;2019.5;254.86328125
-1;38400;RAINFOREST_RESIN;9996;1;9995;23;;;10000;6;10004;1;10005;23;9998.0;776.0
-1;38500;RAINFOREST_RESIN;10002;1;9995;21;;;10005;21;;;;;10003.5;776.0
-1;38500;KELP;2019;21;;;;;2022;21;;;;;2020.5;260.419921875
-1;38600;RAINFOREST_RESIN;9996;2;9995;28;;;10004;2;10005;28;;;10000.0;778.0
-1;38600;KELP;2019;30;;;;;2022;30;;;;;2020.5;259.890625
-1;38700;KELP;2019;20;;;;;2022;20;;;;;2020.5;260.109375
-1;38700;RAINFOREST_RESIN;9995;20;;;;;10005;20;;;;;10000.0;781.0
-1;38800;KELP;2019;21;;;;;2020;2;2021;1;2022;21;2019.5;260.087890625
-1;38800;RAINFOREST_RESIN;9996;1;9995;20;;;10002;1;10004;1;10005;20;9999.0;781.0
-1;38900;RAINFOREST_RESIN;9996;2;9995;30;;;10004;2;10005;30;;;10000.0;805.0
-1;38900;KELP;2019;32;;;;;2021;7;2022;2;2023;30;2020.0;260.412109375
-1;39000;RAINFOREST_RESIN;9995;23;;;;;10002;9;10005;23;;;9998.5;805.0
-1;39000;KELP;2019;23;;;;;2023;23;;;;;2021.0;259.029296875
-1;39100;KELP;2020;25;;;;;2023;25;;;;;2021.5;255.8271484375
-1;39100;RAINFOREST_RESIN;9998;8;9996;1;9995;24;10004;1;10005;24;;;10001.0;805.0
-1;39200;KELP;2020;30;;;;;2022;2;2023;30;;;2021.0;255.091796875
-1;39200;RAINFOREST_RESIN;9996;1;9995;29;;;10004;1;10005;29;;;10000.0;805.0
-1;39300;RAINFOREST_RESIN;9995;27;;;;;10005;27;;;;;10000.0;805.0
-1;39300;KELP;2020;27;;;;;2023;27;;;;;2021.5;254.0419921875
-1;39400;RAINFOREST_RESIN;9996;1;9995;30;;;10004;1;10005;30;;;10000.0;805.0
-1;39400;KELP;2020;31;;;;;2022;5;2023;31;;;2021.0;256.47265625
-1;39500;KELP;2019;27;;;;;2021;3;2022;27;;;2020.0;262.0927734375
-1;39500;RAINFOREST_RESIN;9995;27;;;;;9998;1;10002;2;10005;27;9996.5;808.0
-1;39600;KELP;2021;4;2019;23;;;2023;23;;;;;2022.0;259.7626953125
-1;39600;RAINFOREST_RESIN;9995;23;;;;;10005;23;;;;;10000.0;810.0
-1;39700;RAINFOREST_RESIN;9996;2;9995;22;;;10004;2;10005;22;;;10000.0;810.0
-1;39700;KELP;2019;28;;;;;2022;2;2023;22;;;2020.5;260.37109375
-1;39800;RAINFOREST_RESIN;9996;1;9995;27;;;10004;1;10005;27;;;10000.0;810.0
-1;39800;KELP;2019;28;;;;;2022;1;2023;27;;;2020.5;260.4150390625
-1;39900;KELP;2019;31;;;;;2022;31;;;;;2020.5;262.3251953125
-1;39900;RAINFOREST_RESIN;9996;1;9995;30;;;10002;4;10004;1;10005;30;9999.0;810.0
-1;40000;KELP;2018;22;;;;;2022;22;;;;;2020.0;264.6884765625
-1;40000;RAINFOREST_RESIN;9995;22;;;;;10005;22;;;;;10000.0;810.0
-1;40100;RAINFOREST_RESIN;9996;2;9995;29;;;10002;8;10004;2;10005;29;9999.0;810.0
-1;40100;KELP;2019;31;;;;;2022;31;;;;;2020.5;262.427734375
-1;40200;RAINFOREST_RESIN;9996;1;9995;28;;;10004;1;10005;28;;;10000.0;810.0
-1;40200;KELP;2019;1;2018;28;;;2022;29;;;;;2020.5;264.8095703125
-1;40300;KELP;2019;22;;;;;2022;22;;;;;2020.5;263.8408203125
-1;40300;RAINFOREST_RESIN;9995;22;;;;;9998;1;10005;22;;;9996.5;810.0
-1;40400;KELP;2018;24;;;;;2022;24;;;;;2020.0;265.5751953125
-1;40400;RAINFOREST_RESIN;9996;1;9995;23;;;10004;1;10005;23;;;10000.0;812.0
-1;40500;RAINFOREST_RESIN;10002;1;9996;2;9995;27;10004;2;10005;27;;;10003.0;812.0
-1;40500;KELP;2019;1;2018;27;;;2022;29;;;;;2020.5;265.068359375
-1;40600;RAINFOREST_RESIN;9996;2;9995;24;;;10004;2;10005;24;;;10000.0;814.0
-1;40600;KELP;2019;4;2018;26;;;2022;26;;;;;2020.5;266.017578125
-1;40700;KELP;2018;22;;;;;2021;22;;;;;2019.5;269.9599609375
-1;40700;RAINFOREST_RESIN;9998;7;9996;2;9995;20;10004;2;10005;20;;;10001.0;814.0
-1;40800;KELP;2018;27;;;;;2021;27;;;;;2019.5;268.3330078125
-1;40800;RAINFOREST_RESIN;9995;27;;;;;10005;27;;;;;10000.0;814.0
-1;40900;RAINFOREST_RESIN;9998;10;9996;2;9995;26;10004;2;10005;26;;;10001.0;814.0
-1;40900;KELP;2017;28;;;;;2021;28;;;;;2019.0;272.474609375
-1;41000;RAINFOREST_RESIN;9995;21;;;;;10002;10;10005;21;;;9998.5;848.0
-1;41000;KELP;2018;20;;;;;2020;3;2021;21;;;2019.0;270.421875
-1;41100;KELP;2018;24;;;;;2021;27;;;;;2019.5;270.708984375
-1;41100;RAINFOREST_RESIN;9995;27;;;;;10005;27;;;;;10000.0;848.0
-1;41200;KELP;2018;29;;;;;2021;29;;;;;2019.5;270.7958984375
-1;41200;RAINFOREST_RESIN;9995;29;;;;;10005;29;;;;;10000.0;848.0
-1;41300;RAINFOREST_RESIN;9998;2;9996;1;9995;24;10004;1;10005;24;;;10001.0;848.0
-1;41300;KELP;2017;25;;;;;2019;4;2021;25;;;2018.0;273.96875
-1;41400;RAINFOREST_RESIN;9998;5;9996;2;9995;23;10000;4;10004;2;10005;23;9999.0;848.0
-1;41400;KELP;2017;25;;;;;2018;4;2019;5;2020;25;2017.5;278.15625
-1;41500;KELP;2017;22;;;;;2019;1;2021;22;;;2018.0;278.148681640625
-1;41500;RAINFOREST_RESIN;9998;8;9996;2;9995;20;10004;2;10005;20;;;10001.0;848.0
-1;41600;KELP;2017;23;;;;;2019;7;2020;1;2021;22;2018.0;278.2900390625
-1;41600;RAINFOREST_RESIN;9996;1;9995;22;;;10004;1;10005;22;;;10000.0;848.0
-1;41700;RAINFOREST_RESIN;10000;5;9995;21;;;10005;21;;;;;10002.5;848.0
-1;41700;KELP;2019;4;2017;21;;;2021;21;;;;;2020.0;277.91845703125
-1;41800;RAINFOREST_RESIN;9996;2;9995;22;;;10004;2;10005;22;;;10000.0;848.0
-1;41800;KELP;2018;24;;;;;2021;24;;;;;2019.5;277.0830078125
-1;41900;KELP;2018;22;;;;;2020;1;2021;22;;;2019.0;276.982177734375
-1;41900;RAINFOREST_RESIN;9996;1;9995;21;;;9998;4;10004;1;10005;21;9997.0;848.0
-1;42000;KELP;2018;31;;;;;2020;5;2021;32;;;2019.0;276.615478515625
-1;42000;RAINFOREST_RESIN;9996;2;9995;30;;;10004;2;10005;30;;;10000.0;856.0
-1;42100;RAINFOREST_RESIN;9998;8;9996;2;9995;21;10004;2;10005;21;;;10001.0;856.0
-1;42100;KELP;2018;23;;;;;2021;2;2022;21;;;2019.5;277.2529296875
-1;42200;RAINFOREST_RESIN;10002;1;9995;28;;;10005;28;;;;;10003.5;856.0
-1;42200;KELP;2018;28;;;;;2022;28;;;;;2020.0;276.93359375
-1;42300;KELP;2018;20;;;;;2019;7;2020;2;2022;20;2018.5;276.5830078125
-1;42300;RAINFOREST_RESIN;9995;20;;;;;10005;20;;;;;10000.0;858.0
-1;42400;KELP;2019;30;;;;;2022;31;;;;;2020.5;283.0
-1;42400;RAINFOREST_RESIN;9996;2;9995;29;;;10004;2;10005;29;;;10000.0;858.0
-1;42500;RAINFOREST_RESIN;9995;24;;;;;10002;3;10005;24;;;9998.5;858.0
-1;42500;KELP;2019;24;;;;;2022;24;;;;;2020.5;283.0
-1;42600;RAINFOREST_RESIN;9995;26;;;;;10005;26;;;;;10000.0;874.0
-1;42600;KELP;2019;26;;;;;2022;26;;;;;2020.5;283.341552734375
-1;42700;KELP;2018;26;;;;;2022;26;;;;;2020.0;283.0478515625
-1;42700;RAINFOREST_RESIN;9995;26;;;;;10005;26;;;;;10000.0;882.0
-1;42800;KELP;2019;30;;;;;2022;30;;;;;2020.5;283.7783203125
-1;42800;RAINFOREST_RESIN;9995;30;;;;;10005;30;;;;;10000.0;882.0
-1;42900;RAINFOREST_RESIN;9995;25;;;;;10005;25;;;;;10000.0;882.0
-1;42900;KELP;2019;25;;;;;2022;25;;;;;2020.5;284.4697265625
-1;43000;RAINFOREST_RESIN;9995;23;;;;;10005;23;;;;;10000.0;890.0
-1;43000;KELP;2020;2;2019;23;;;2023;23;;;;;2021.5;285.9769287109375
-1;43100;KELP;2020;21;;;;;2023;21;;;;;2021.5;286.334716796875
-1;43100;RAINFOREST_RESIN;9995;21;;;;;10005;21;;;;;10000.0;890.0
-1;43200;KELP;2019;21;;;;;2023;21;;;;;2021.0;286.0849609375
-1;43200;RAINFOREST_RESIN;9996;1;9995;20;;;10004;1;10005;20;;;10000.0;890.0
-1;43300;RAINFOREST_RESIN;9996;1;9995;24;;;10004;1;10005;24;;;10000.0;890.0
-1;43300;KELP;2019;25;;;;;2021;2;2023;25;;;2020.0;286.079345703125
-1;43400;RAINFOREST_RESIN;9996;2;9995;22;;;10004;2;10005;22;;;10000.0;890.0
-1;43400;KELP;2021;4;2020;24;;;2023;24;;;;;2022.0;286.2218017578125
-1;43500;KELP;2020;22;;;;;2022;7;2023;23;;;2021.0;286.2930908203125
-1;43500;RAINFOREST_RESIN;9998;7;9995;23;;;10005;23;;;;;10001.5;890.0
-1;43600;KELP;2020;5;2019;21;;;2023;23;;;;;2021.5;286.1668701171875
-1;43600;RAINFOREST_RESIN;9996;2;9995;21;;;10002;9;10004;2;10005;21;9999.0;890.0
-1;43700;KELP;2020;24;;;;;2023;24;;;;;2021.5;286.259521484375
-1;43700;RAINFOREST_RESIN;9996;1;9995;23;;;10004;1;10005;23;;;10000.0;890.0
-1;43800;RAINFOREST_RESIN;9996;2;9995;26;;;10004;2;10005;26;;;10000.0;890.0
-1;43800;KELP;2020;35;;;;;2023;28;;;;;2021.5;286.4111328125
-1;43900;KELP;2020;36;;;;;2023;30;;;;;2021.5;286.2279052734375
-1;43900;RAINFOREST_RESIN;10002;4;9998;2;9996;1;10004;1;10005;29;;;10003.0;890.0
-1;44000;RAINFOREST_RESIN;9996;2;9995;20;;;10004;2;10005;20;;;10000.0;898.0
-1;44000;KELP;2020;22;;;;;2022;3;2023;22;;;2021.0;286.425048828125
-1;44100;KELP;2019;24;;;;;2023;24;;;;;2021.0;285.9339599609375
-1;44100;RAINFOREST_RESIN;9995;24;;;;;9998;1;10002;2;10005;24;9996.5;898.0
-1;44200;RAINFOREST_RESIN;9995;21;;;;;10005;21;;;;;10000.0;900.0
-1;44200;KELP;2019;21;;;;;2023;21;;;;;2021.0;285.8858642578125
-1;44300;KELP;2019;27;;;;;2023;27;;;;;2021.0;285.954833984375
-1;44300;RAINFOREST_RESIN;9995;27;;;;;10005;27;;;;;10000.0;900.0
-1;44400;RAINFOREST_RESIN;9998;7;9995;28;;;10005;28;;;;;10001.5;900.0
-1;44400;KELP;2018;28;;;;;2022;28;;;;;2020.0;285.13525390625
-1;44500;KELP;2021;1;2019;2;2018;21;2022;21;;;;;2021.5;285.177734375
-1;44500;RAINFOREST_RESIN;9995;21;;;;;10005;21;;;;;10000.0;900.0
-1;44600;RAINFOREST_RESIN;9996;1;9995;23;;;10004;1;10005;23;;;10000.0;900.0
-1;44600;KELP;2019;24;;;;;2022;24;;;;;2020.5;286.0
-1;44700;KELP;2019;29;;;;;2022;29;;;;;2020.5;286.0
-1;44700;RAINFOREST_RESIN;9995;29;;;;;10002;10;10005;29;;;9998.5;900.0
-1;44800;RAINFOREST_RESIN;9995;29;;;;;9998;1;10002;10;10005;29;9996.5;900.0
-1;44800;KELP;2018;29;;;;;2022;29;;;;;2020.0;286.0
-1;44900;KELP;2019;1;2018;26;;;2022;26;;;;;2020.5;286.0
-1;44900;RAINFOREST_RESIN;9996;1;9995;25;;;10004;1;10005;25;;;10000.0;902.0
-1;45000;RAINFOREST_RESIN;10002;1;9996;2;9995;24;10004;2;10005;24;;;10003.0;902.0
-1;45000;KELP;2018;26;;;;;2022;26;;;;;2020.0;286.0
-1;45100;KELP;2019;27;;;;;2021;5;2022;27;;;2020.0;286.0
-1;45100;RAINFOREST_RESIN;9996;1;9995;26;;;10004;1;10005;26;;;10000.0;904.0
-1;45200;RAINFOREST_RESIN;9996;1;9995;28;;;10004;1;10005;28;;;10000.0;904.0
-1;45200;KELP;2019;29;;;;;2021;6;2022;29;;;2020.0;286.0
-1;45300;KELP;2018;26;;;;;2021;22;;;;;2019.5;286.0
-1;45300;RAINFOREST_RESIN;9995;22;;;;;10005;22;;;;;10000.0;904.0
-1;45400;RAINFOREST_RESIN;9996;2;9995;21;;;9998;1;10004;2;10005;21;9997.0;904.0
-1;45400;KELP;2018;22;;;;;2020;2;2021;23;;;2019.0;286.0
-1;45500;KELP;2018;25;;;;;2019;3;2021;25;;;2018.5;286.0
-1;45500;RAINFOREST_RESIN;9996;1;9995;24;;;10000;3;10004;1;10005;24;9998.0;906.0
-1;45600;RAINFOREST_RESIN;9995;26;;;;;10002;5;10005;26;;;9998.5;906.0
-1;45600;KELP;2018;33;;;;;2021;26;;;;;2019.5;287.833984375
-1;45700;KELP;2018;24;;;;;2021;24;;;;;2019.5;287.8740234375
-1;45700;RAINFOREST_RESIN;9995;24;;;;;10005;24;;;;;10000.0;906.0
-1;45800;RAINFOREST_RESIN;9996;1;9995;27;;;10004;1;10005;27;;;10000.0;906.0
-1;45800;KELP;2018;27;;;;;2021;28;;;;;2019.5;288.06640625
-1;45900;KELP;2019;4;2018;31;;;2022;31;;;;;2020.5;288.890625
-1;45900;RAINFOREST_RESIN;9996;1;9995;30;;;10004;1;10005;30;;;10000.0;906.0
-1;46000;RAINFOREST_RESIN;9996;2;9995;24;;;10004;2;10005;24;;;10000.0;912.0
-1;46000;KELP;2019;2;2018;24;;;2022;26;;;;;2020.5;291.2010498046875
-1;46100;KELP;2019;25;;;;;2022;25;;;;;2020.5;291.2843017578125
-1;46100;RAINFOREST_RESIN;9998;6;9996;2;9995;23;10004;2;10005;23;;;10001.0;912.0
-1;46200;RAINFOREST_RESIN;9998;2;9996;1;9995;27;10004;1;10005;27;;;10001.0;912.0
-1;46200;KELP;2018;28;;;;;2021;1;2022;27;;;2019.5;290.8594970703125
-1;46300;KELP;2018;29;;;;;2021;29;;;;;2019.5;290.617919921875
-1;46300;RAINFOREST_RESIN;9996;2;9995;27;;;10004;2;10005;27;;;10000.0;912.0
-1;46400;RAINFOREST_RESIN;9995;22;;;;;10005;22;;;;;10000.0;912.0
-1;46400;KELP;2018;22;;;;;2022;22;;;;;2020.0;290.8349609375
-1;46500;KELP;2019;6;2018;31;;;2021;31;;;;;2020.0;290.7779541015625
-1;46500;RAINFOREST_RESIN;10000;6;9996;1;9995;30;10004;1;10005;30;;;10002.0;912.0
-1;46600;KELP;2019;3;2018;28;;;2021;1;2022;27;;;2020.0;290.8670654296875
-1;46600;RAINFOREST_RESIN;9998;10;9996;1;9995;27;10004;1;10005;27;;;10001.0;912.0
-1;46700;RAINFOREST_RESIN;9995;26;;;;;10005;26;;;;;10000.0;914.0
-1;46700;KELP;2019;26;;;;;2022;26;;;;;2020.5;291.2462158203125
-1;46800;RAINFOREST_RESIN;9996;1;9995;21;;;10004;1;10005;21;;;10000.0;914.0
-1;46800;KELP;2019;22;;;;;2022;22;;;;;2020.5;291.4942626953125
-1;46900;KELP;2021;1;2019;32;;;2022;32;;;;;2021.5;291.2724609375
-1;46900;RAINFOREST_RESIN;9996;2;9995;30;;;10004;2;10005;30;;;10000.0;914.0
-1;47000;KELP;2019;21;;;;;2022;21;;;;;2020.5;292.0
-1;47000;RAINFOREST_RESIN;9996;1;9995;20;;;10004;1;10005;20;;;10000.0;914.0
-1;47100;RAINFOREST_RESIN;9996;2;9995;24;;;9998;1;10004;2;10005;24;9997.0;914.0
-1;47100;KELP;2019;22;;;;;2022;26;;;;;2020.5;292.0
-1;47200;RAINFOREST_RESIN;10002;1;9996;2;9995;28;10004;2;10005;28;;;10003.0;916.0
-1;47200;KELP;2019;30;;;;;2022;30;;;;;2020.5;292.0
-1;47300;KELP;2019;25;;;;;2021;1;2022;25;;;2020.0;292.0
-1;47300;RAINFOREST_RESIN;10002;1;9998;3;9995;25;10005;25;;;;;10003.5;918.0
-1;47400;KELP;2019;25;;;;;2022;24;;;;;2020.5;292.0
-1;47400;RAINFOREST_RESIN;9995;24;;;;;10002;9;10005;24;;;9998.5;920.0
-1;47500;RAINFOREST_RESIN;9995;30;;;;;10002;1;10005;30;;;9998.5;920.0
-1;47500;KELP;2019;30;;;;;2021;6;2022;30;;;2020.0;292.0
-1;47600;RAINFOREST_RESIN;9996;1;9995;27;;;10004;1;10005;27;;;10000.0;920.0
-1;47600;KELP;2019;28;;;;;2022;28;;;;;2020.5;292.0
-1;47700;KELP;2019;23;;;;;2022;23;;;;;2020.5;292.0
-1;47700;RAINFOREST_RESIN;9996;1;9995;22;;;10002;8;10004;1;10005;22;9999.0;920.0
-1;47800;KELP;2019;23;;;;;2022;1;2023;22;;;2020.5;292.0
-1;47800;RAINFOREST_RESIN;9996;1;9995;22;;;10002;8;10004;1;10005;22;9999.0;920.0
-1;47900;RAINFOREST_RESIN;10002;1;9995;27;;;10005;27;;;;;10003.5;920.0
-1;47900;KELP;2019;27;;;;;2023;27;;;;;2021.0;292.0
-1;48000;RAINFOREST_RESIN;9995;27;;;;;10005;27;;;;;10000.0;922.0
-1;48000;KELP;2019;27;;;;;2023;27;;;;;2021.0;292.0
-1;48100;KELP;2019;22;;;;;2022;21;;;;;2020.5;292.0
-1;48100;RAINFOREST_RESIN;9995;21;;;;;10002;9;10005;21;;;9998.5;922.0
-1;48200;KELP;2019;25;;;;;2022;25;;;;;2020.5;293.16162109375
-1;48200;RAINFOREST_RESIN;9998;5;9995;25;;;10005;25;;;;;10001.5;930.0
-1;48300;RAINFOREST_RESIN;9996;1;9995;28;;;9998;1;10000;5;10004;1;9997.0;930.0
-1;48300;KELP;2018;29;;;;;2019;5;2022;29;;;2018.5;291.82421875
-1;48400;RAINFOREST_RESIN;9995;27;;;;;10002;7;10005;27;;;9998.5;932.0
-1;48400;KELP;2019;1;2018;27;;;2022;27;;;;;2020.5;297.32421875
-1;48500;KELP;2019;1;2018;29;;;2022;29;;;;;2020.5;296.958984375
-1;48500;RAINFOREST_RESIN;9995;29;;;;;9998;1;10005;29;;;9996.5;932.0
-1;48600;KELP;2019;1;2018;29;;;2022;29;;;;;2020.5;297.0830078125
-1;48600;RAINFOREST_RESIN;9996;1;9995;28;;;10004;1;10005;28;;;10000.0;934.0
-1;48700;RAINFOREST_RESIN;9996;1;9995;22;;;10004;1;10005;22;;;10000.0;937.0
-1;48700;KELP;2018;23;;;;;2022;23;;;;;2020.0;296.634765625
-1;48800;RAINFOREST_RESIN;9996;1;9995;23;;;10004;1;10005;23;;;10000.0;937.0
-1;48800;KELP;2019;29;;;;;2022;24;;;;;2020.5;298.6962890625
-1;48900;KELP;2019;34;;;;;2022;27;;;;;2020.5;299.4921875
-1;48900;RAINFOREST_RESIN;9995;27;;;;;10005;27;;;;;10000.0;937.0
-1;49000;KELP;2019;39;;;;;2022;32;;;;;2020.5;298.857421875
-1;49000;RAINFOREST_RESIN;9996;2;9995;30;;;10004;2;10005;30;;;10000.0;937.0
-1;49100;RAINFOREST_RESIN;9996;2;9995;30;;;10004;2;10005;30;;;10000.0;937.0
-1;49100;KELP;2019;40;;;;;2022;32;;;;;2020.5;300.8017578125
-1;49200;RAINFOREST_RESIN;9996;1;9995;20;;;10004;1;10005;20;;;10000.0;937.0
-1;49200;KELP;2019;21;;;;;2022;21;;;;;2020.5;299.2421875
-1;49300;KELP;2019;21;;;;;2022;22;;;;;2020.5;306.22265625
-1;49300;RAINFOREST_RESIN;9998;9;9996;1;9995;21;10004;1;10005;21;;;10001.0;937.0
-1;49400;KELP;2021;9;2020;5;2019;20;2022;20;;;;;2021.5;306.76611328125
-1;49400;RAINFOREST_RESIN;9995;20;;;;;10005;20;;;;;10000.0;937.0
-1;49500;RAINFOREST_RESIN;9996;2;9995;30;;;10004;2;10005;30;;;10000.0;937.0
-1;49500;KELP;2019;40;;;;;2022;32;;;;;2020.5;310.603515625
-1;49600;RAINFOREST_RESIN;9995;24;;;;;10005;24;;;;;10000.0;937.0
-1;49600;KELP;2021;1;2019;24;;;2022;24;;;;;2021.5;310.51953125
-1;49700;KELP;2019;28;;;;;2022;28;;;;;2020.5;311.84375
-1;49700;RAINFOREST_RESIN;9998;7;9996;2;9995;26;10004;2;10005;26;;;10001.0;937.0
-1;49800;KELP;2019;25;;;;;2020;5;2023;25;;;2019.5;302.625
-1;49800;RAINFOREST_RESIN;9996;2;9995;23;;;10004;2;10005;23;;;10000.0;937.0
-1;49900;RAINFOREST_RESIN;9998;3;9995;23;;;10005;23;;;;;10001.5;937.0
-1;49900;KELP;2019;23;;;;;2023;23;;;;;2021.0;309.634765625
-1;50000;RAINFOREST_RESIN;9996;1;9995;20;;;10004;1;10005;20;;;10000.0;945.0
-1;50000;KELP;2019;21;;;;;2022;1;2023;20;;;2020.5;313.53515625
-1;50100;KELP;2019;24;;;;;2021;2;2022;24;;;2020.0;315.7265625
-1;50100;RAINFOREST_RESIN;9995;24;;;;;10005;24;;;;;10000.0;945.0
-1;50200;KELP;2019;24;;;;;2023;24;;;;;2021.0;310.57421875
-1;50200;RAINFOREST_RESIN;9995;24;;;;;10005;24;;;;;10000.0;945.0
-1;50300;RAINFOREST_RESIN;9995;30;;;;;10002;10;10005;30;;;9998.5;945.0
-1;50300;KELP;2019;30;;;;;2023;30;;;;;2021.0;308.99609375
-1;50400;RAINFOREST_RESIN;9998;4;9996;1;9995;22;10000;2;10004;1;10005;22;9999.0;945.0
-1;50400;KELP;2019;23;;;;;2021;3;2023;23;;;2020.0;309.31640625
-1;50500;KELP;2019;25;;;;;2023;25;;;;;2021.0;309.8984375
-1;50500;RAINFOREST_RESIN;9996;2;9995;23;;;10004;2;10005;23;;;10000.0;945.0
-1;50600;KELP;2019;21;;;;;2020;6;2023;23;;;2019.5;308.58203125
-1;50600;RAINFOREST_RESIN;10002;1;9996;2;9995;21;10004;2;10005;21;;;10003.0;945.0
-1;50700;RAINFOREST_RESIN;9996;2;9995;22;;;10004;2;10005;22;;;10000.0;950.0
-1;50700;KELP;2020;24;;;;;2023;24;;;;;2021.5;315.84375
-1;50800;RAINFOREST_RESIN;10002;5;9996;2;9995;22;10004;2;10005;22;;;10003.0;950.0
-1;50800;KELP;2022;1;2020;24;;;2023;24;;;;;2022.5;314.443359375
-1;50900;KELP;2020;28;;;;;2022;4;2023;28;;;2021.0;314.39453125
-1;50900;RAINFOREST_RESIN;9996;1;9995;27;;;10004;1;10005;27;;;10000.0;960.0
-1;51000;KELP;2020;28;;;;;2023;28;;;;;2021.5;315.37890625
-1;51000;RAINFOREST_RESIN;9996;2;9995;26;;;10004;2;10005;26;;;10000.0;960.0
-1;51100;RAINFOREST_RESIN;9998;6;9996;1;9995;25;10004;1;10005;25;;;10001.0;960.0
-1;51100;KELP;2020;26;;;;;2023;26;;;;;2021.5;313.271484375
-1;51200;RAINFOREST_RESIN;9996;2;9995;28;;;10004;2;10005;28;;;10000.0;960.0
-1;51200;KELP;2020;30;;;;;2023;30;;;;;2021.5;314.623046875
-1;51300;KELP;2020;25;;;;;2023;25;;;;;2021.5;310.78515625
-1;51300;RAINFOREST_RESIN;9996;1;9995;24;;;10004;1;10005;24;;;10000.0;960.0
-1;51400;KELP;2020;30;;;;;2023;30;;;;;2021.5;320.090576171875
-1;51400;RAINFOREST_RESIN;9995;30;;;;;10002;3;10005;30;;;9998.5;960.0
-1;51500;RAINFOREST_RESIN;9995;30;;;;;10005;30;;;;;10000.0;960.0
-1;51500;KELP;2022;1;2020;30;;;2023;30;;;;;2022.5;320.04443359375
-1;51600;RAINFOREST_RESIN;10000;5;9996;2;9995;22;10002;1;10004;2;10005;22;10001.0;960.0
-1;51600;KELP;2021;5;2020;24;;;2023;24;;;;;2022.0;320.5714111328125
-1;51700;KELP;2020;16;;;;;2023;20;;;;;2021.5;321.581298828125
-1;51700;RAINFOREST_RESIN;9995;20;;;;;10005;20;;;;;10000.0;962.0
-1;51800;KELP;2020;1;2019;24;;;2023;25;;;;;2021.5;321.7950439453125
-1;51800;RAINFOREST_RESIN;9996;1;9995;24;;;10004;1;10005;24;;;10000.0;1006.0
-1;51900;RAINFOREST_RESIN;9996;1;9995;23;;;10004;1;10005;23;;;10000.0;1006.0
-1;51900;KELP;2021;4;2019;24;;;2023;24;;;;;2022.0;321.9879150390625
-1;52000;RAINFOREST_RESIN;9998;3;9995;29;;;10005;29;;;;;10001.5;1021.0
-1;52000;KELP;2019;29;;;;;2021;6;2023;29;;;2020.0;321.877197265625
-1;52100;KELP;2019;21;;;;;2023;21;;;;;2021.0;321.85693359375
-1;52100;RAINFOREST_RESIN;9995;21;;;;;10005;21;;;;;10000.0;1021.0
-1;52200;KELP;2019;31;;;;;2023;31;;;;;2021.0;322.0284423828125
-1;52200;RAINFOREST_RESIN;9996;2;9995;29;;;10004;2;10005;29;;;10000.0;1053.0
-1;52300;RAINFOREST_RESIN;10002;1;9996;1;9995;27;10004;1;10005;27;;;10003.0;1053.0
-1;52300;KELP;2022;1;2019;28;;;2023;28;;;;;2022.5;321.92919921875
-1;52400;RAINFOREST_RESIN;9998;3;9996;1;9995;29;10004;1;10005;29;;;10001.0;1055.0
-1;52400;KELP;2020;30;;;;;2023;30;;;;;2021.5;321.98291015625
-1;52500;KELP;2022;1;2020;28;;;2023;28;;;;;2022.5;322.092529296875
-1;52500;RAINFOREST_RESIN;9996;1;9995;27;;;9998;1;10004;1;10005;27;9997.0;1055.0
-1;52600;RAINFOREST_RESIN;9998;1;9996;1;9995;22;10000;4;10004;1;10005;22;9999.0;1057.0
-1;52600;KELP;2020;1;2019;22;;;2021;4;2023;23;;;2020.5;323.66064453125
-1;52700;KELP;2019;26;;;;;2023;27;;;;;2021.0;324.1220703125
-1;52700;RAINFOREST_RESIN;9996;2;9995;25;;;10004;2;10005;25;;;10000.0;1057.0
-1;52800;RAINFOREST_RESIN;9995;26;;;;;10005;26;;;;;10000.0;1057.0
-1;52800;KELP;2019;26;;;;;2023;26;;;;;2021.0;323.3857421875
-1;52900;KELP;2020;30;;;;;2023;30;;;;;2021.5;323.28759765625
-1;52900;RAINFOREST_RESIN;9995;30;;;;;10005;30;;;;;10000.0;1057.0
-1;53000;RAINFOREST_RESIN;10002;1;9996;1;9995;20;10004;1;10005;20;;;10003.0;1081.0
-1;53000;KELP;2020;21;;;;;2023;21;;;;;2021.5;322.806640625
-1;53100;KELP;2019;24;;;;;2023;24;;;;;2021.0;323.85791015625
-1;53100;RAINFOREST_RESIN;9995;24;;;;;10005;24;;;;;10000.0;1083.0
-1;53200;RAINFOREST_RESIN;9996;1;9995;30;;;10004;1;10005;30;;;10000.0;1083.0
-1;53200;KELP;2022;1;2019;31;;;2023;31;;;;;2022.5;323.72509765625
-1;53300;KELP;2020;29;;;;;2023;29;;;;;2021.5;324.01513671875
-1;53300;RAINFOREST_RESIN;9995;29;;;;;10005;29;;;;;10000.0;1083.0
-1;53400;RAINFOREST_RESIN;9998;6;9996;2;9995;23;10004;2;10005;23;;;10001.0;1083.0
-1;53400;KELP;2020;25;;;;;2023;25;;;;;2021.5;323.12353515625
-1;53500;KELP;2020;23;;;;;2023;23;;;;;2021.5;323.59228515625
-1;53500;RAINFOREST_RESIN;9996;2;9995;21;;;10002;1;10004;2;10005;21;9999.0;1083.0
-1;53600;RAINFOREST_RESIN;9995;24;;;;;9998;9;10005;24;;;9996.5;1083.0
-1;53600;KELP;2020;24;;;;;2023;24;;;;;2021.5;324.06787109375
-1;53700;KELP;2019;30;;;;;2023;30;;;;;2021.0;324.53369140625
-1;53700;RAINFOREST_RESIN;9998;1;9995;30;;;10005;30;;;;;10001.5;1101.0
-1;53800;RAINFOREST_RESIN;10002;3;9995;30;;;10005;30;;;;;10003.5;1101.0
-1;53800;KELP;2019;30;;;;;2023;30;;;;;2021.0;324.61669921875
-1;53900;KELP;2019;27;;;;;2023;27;;;;;2021.0;324.85791015625
-1;53900;RAINFOREST_RESIN;9996;2;9995;25;;;10004;2;10005;25;;;10000.0;1107.0
-1;54000;RAINFOREST_RESIN;9998;6;9996;1;9995;30;10004;1;10005;30;;;10001.0;1113.0
-1;54000;KELP;2020;31;;;;;2022;1;2023;31;;;2021.0;324.6435546875
-1;54100;KELP;2020;24;;;;;2022;2;2023;24;;;2021.0;324.8828125
-1;54100;RAINFOREST_RESIN;9998;2;9996;2;9995;22;10004;2;10005;22;;;10001.0;1113.0
-1;54200;RAINFOREST_RESIN;9995;28;;;;;10005;28;;;;;10000.0;1114.0
-1;54200;KELP;2020;28;;;;;2023;28;;;;;2021.5;325.375
-1;54300;KELP;2022;1;2019;25;;;2023;25;;;;;2022.5;327.0400390625
-1;54300;RAINFOREST_RESIN;9996;2;9995;23;;;10004;2;10005;23;;;10000.0;1114.0
-1;54400;RAINFOREST_RESIN;9995;29;;;;;10005;29;;;;;10000.0;1126.0
-1;54400;KELP;2019;29;;;;;2022;29;;;;;2020.5;330.19921875
-1;54500;KELP;2019;21;;;;;2022;21;;;;;2020.5;330.6806640625
-1;54500;RAINFOREST_RESIN;9996;1;9995;20;;;10004;1;10005;20;;;10000.0;1126.0
-1;54600;RAINFOREST_RESIN;10002;3;9995;27;;;10005;27;;;;;10003.5;1126.0
-1;54600;KELP;2019;27;;;;;2023;27;;;;;2021.0;330.0302734375
-1;54700;KELP;2019;29;;;;;2020;4;2022;29;;;2019.5;330.220703125
-1;54700;RAINFOREST_RESIN;9996;2;9995;27;;;10004;2;10005;27;;;10000.0;1132.0
-1;54800;RAINFOREST_RESIN;9998;8;9995;27;;;10005;27;;;;;10001.5;1132.0
-1;54800;KELP;2019;27;;;;;2021;1;2022;27;;;2020.0;333.2779541015625
-1;54900;KELP;2019;29;;;;;2022;29;;;;;2020.5;333.330078125
-1;54900;RAINFOREST_RESIN;9996;1;9995;28;;;10002;3;10004;1;10005;28;9999.0;1132.0
-1;55000;RAINFOREST_RESIN;9996;2;9995;28;;;10002;8;10004;2;10005;28;9999.0;1132.0
-1;55000;KELP;2019;36;;;;;2022;30;;;;;2020.5;333.55322265625
-1;55100;KELP;2019;37;;;;;2022;29;;;;;2020.5;333.706298828125
-1;55100;RAINFOREST_RESIN;9995;29;;;;;10005;29;;;;;10000.0;1132.0
-1;55200;RAINFOREST_RESIN;9996;2;9995;21;;;10004;2;10005;21;;;10000.0;1140.0
-1;55200;KELP;2018;21;;;;;2019;3;2020;8;2022;23;2018.5;335.5185546875
-1;55300;RAINFOREST_RESIN;9996;2;9995;27;;;9998;1;10002;2;10004;2;9997.0;1140.0
-1;55300;KELP;2018;29;;;;;2022;29;;;;;2020.0;339.0
-1;55400;RAINFOREST_RESIN;9998;3;9996;1;9995;21;10004;1;10005;21;;;10001.0;1142.0
-1;55400;KELP;2019;2;2018;22;;;2022;22;;;;;2020.5;339.0
-1;55500;KELP;2021;1;2019;4;2018;25;2022;25;;;;;2021.5;339.0
-1;55500;RAINFOREST_RESIN;9995;25;;;;;10002;9;10005;25;;;9998.5;1142.0
-1;55600;KELP;2019;3;2018;26;;;2022;26;;;;;2020.5;339.8758544921875
-1;55600;RAINFOREST_RESIN;9995;26;;;;;10005;26;;;;;10000.0;1142.0
-1;55700;RAINFOREST_RESIN;9996;2;9995;21;;;10004;2;10005;21;;;10000.0;1142.0
-1;55700;KELP;2019;25;;;;;2022;23;;;;;2020.5;339.7857666015625
-1;55800;RAINFOREST_RESIN;9998;6;9996;1;9995;26;10004;1;10005;26;;;10001.0;1145.0
-1;55800;KELP;2018;27;;;;;2022;27;;;;;2020.0;340.0
-1;55900;KELP;2018;22;;;;;2022;22;;;;;2020.0;340.0
-1;55900;RAINFOREST_RESIN;9995;22;;;;;10005;22;;;;;10000.0;1145.0
-1;56000;KELP;2018;24;;;;;2019;3;2021;2;2022;22;2018.5;340.0
-1;56000;RAINFOREST_RESIN;9996;2;9995;22;;;10002;10;10004;2;10005;22;9999.0;1145.0
-1;56100;RAINFOREST_RESIN;9996;2;9995;20;;;10004;2;10005;20;;;10000.0;1145.0
-1;56100;KELP;2019;22;;;;;2022;22;;;;;2020.5;343.9912109375
-1;56200;RAINFOREST_RESIN;9996;1;9995;29;;;10004;1;10005;29;;;10000.0;1145.0
-1;56200;KELP;2020;2;2018;30;;;2022;30;;;;;2021.0;343.3056640625
-1;56300;KELP;2019;6;2018;27;;;2022;27;;;;;2020.5;343.22705078125
-1;56300;RAINFOREST_RESIN;10002;1;9996;2;9995;25;10004;2;10005;25;;;10003.0;1145.0
-1;56400;KELP;2018;31;;;;;2022;31;;;;;2020.0;343.10302734375
-1;56400;RAINFOREST_RESIN;9996;1;9995;30;;;10004;1;10005;30;;;10000.0;1147.0
-1;56500;RAINFOREST_RESIN;9996;2;9995;27;;;10004;2;10005;27;;;10000.0;1147.0
-1;56500;KELP;2018;29;;;;;2022;29;;;;;2020.0;343.01611328125
-1;56600;RAINFOREST_RESIN;9996;2;9995;29;;;10002;4;10004;2;10005;29;9999.0;1147.0
-1;56600;KELP;2019;2;2018;29;;;2022;31;;;;;2020.5;343.46533203125
-1;56700;KELP;2020;6;2018;26;;;2022;26;;;;;2021.0;342.86376953125
-1;56700;RAINFOREST_RESIN;9998;3;9996;2;9995;24;10000;2;10004;2;10005;24;9999.0;1147.0
-1;56800;KELP;2018;24;;;;;2021;2;2022;22;;;2019.5;342.5498046875
-1;56800;RAINFOREST_RESIN;10002;1;9998;10;9996;2;10004;2;10005;22;;;10003.0;1147.0
-1;56900;RAINFOREST_RESIN;9996;2;9995;20;;;10004;2;10005;20;;;10000.0;1149.0
-1;56900;KELP;2018;24;;;;;2021;22;;;;;2019.5;341.833984375
-1;57000;RAINFOREST_RESIN;9996;1;9995;27;;;10004;1;10005;27;;;10000.0;1149.0
-1;57000;KELP;2018;28;;;;;2020;8;2021;28;;;2019.0;340.8369140625
-1;57100;KELP;2017;27;;;;;2020;27;;;;;2018.5;339.2470703125
-1;57100;RAINFOREST_RESIN;9996;2;9995;25;;;10004;2;10005;25;;;10000.0;1149.0
-1;57200;KELP;2019;1;2017;27;;;2020;27;;;;;2019.5;338.77783203125
-1;57200;RAINFOREST_RESIN;10002;2;9996;1;9995;26;10004;1;10005;26;;;10003.0;1149.0
-1;57300;RAINFOREST_RESIN;9996;1;9995;26;;;10002;9;10004;1;10005;26;9999.0;1153.0
-1;57300;KELP;2017;27;;;;;2020;27;;;;;2018.5;339.389404296875
-1;57400;RAINFOREST_RESIN;9995;24;;;;;10005;24;;;;;10000.0;1153.0
-1;57400;KELP;2017;24;;;;;2019;2;2020;24;;;2018.0;339.201416015625
-1;57500;KELP;2019;5;2017;30;;;2020;25;;;;;2019.5;339.234130859375
-1;57500;RAINFOREST_RESIN;9998;5;9996;2;9995;23;10004;2;10005;23;;;10001.0;1153.0
-1;57600;KELP;2017;24;;;;;2020;24;;;;;2018.5;340.9208984375
-1;57600;RAINFOREST_RESIN;9995;24;;;;;10005;24;;;;;10000.0;1153.0
-1;57700;RAINFOREST_RESIN;9995;29;;;;;10005;29;;;;;10000.0;1153.0
-1;57700;KELP;2017;29;;;;;2020;29;;;;;2018.5;340.96826171875
-1;57800;RAINFOREST_RESIN;9998;1;9996;2;9995;29;10004;2;10005;29;;;10001.0;1153.0
-1;57800;KELP;2017;31;;;;;2020;2;2021;29;;;2018.5;340.35009765625
-1;57900;KELP;2017;27;;;;;2018;6;2019;5;2020;2;2017.5;340.56494140625
-1;57900;RAINFOREST_RESIN;9996;2;9995;25;;;9998;1;10000;6;10004;2;9997.0;1153.0
-1;58000;KELP;2017;29;;;;;2020;1;2021;24;;;2018.5;345.3935546875
-1;58000;RAINFOREST_RESIN;9996;1;9995;24;;;9998;4;10004;1;10005;24;9997.0;1155.0
-1;58100;RAINFOREST_RESIN;9995;23;;;;;10005;23;;;;;10000.0;1163.0
-1;58100;KELP;2017;23;;;;;2020;23;;;;;2018.5;361.078125
-1;58200;RAINFOREST_RESIN;9996;1;9995;30;;;10004;1;10005;30;;;10000.0;1175.0
-1;58200;KELP;2017;31;;;;;2020;31;;;;;2018.5;360.578125
-1;58300;KELP;2017;29;;;;;2020;29;;;;;2018.5;360.96484375
-1;58300;RAINFOREST_RESIN;9995;29;;;;;10005;29;;;;;10000.0;1175.0
-1;58400;KELP;2016;23;;;;;2018;1;2019;23;;;2017.0;369.73046875
-1;58400;RAINFOREST_RESIN;9996;2;9995;21;;;10004;2;10005;21;;;10000.0;1175.0
-1;58500;RAINFOREST_RESIN;9995;21;;;;;10002;1;10005;21;;;9998.5;1175.0
-1;58500;KELP;2016;21;;;;;2019;21;;;;;2017.5;374.650390625
-1;58600;RAINFOREST_RESIN;10002;1;9995;25;;;10005;25;;;;;10003.5;1175.0
-1;58600;KELP;2015;25;;;;;2017;7;2019;25;;;2016.0;372.8544921875
-1;58700;KELP;2015;34;;;;;2018;32;;;;;2016.5;370.974609375
-1;58700;RAINFOREST_RESIN;9996;2;9995;30;;;10004;2;10005;30;;;10000.0;1177.0
-1;58800;KELP;2015;29;;;;;2019;29;;;;;2017.0;372.64453125
-1;58800;RAINFOREST_RESIN;9995;29;;;;;10002;1;10005;29;;;9998.5;1177.0
-1;58900;RAINFOREST_RESIN;9996;1;9995;24;;;10004;1;10005;24;;;10000.0;1225.0
-1;58900;KELP;2015;25;;;;;2019;25;;;;;2017.0;373.6611328125
-1;59000;RAINFOREST_RESIN;9996;2;9995;20;;;10004;2;10005;20;;;10000.0;1225.0
-1;59000;KELP;2016;22;;;;;2019;22;;;;;2017.5;375.638671875
-1;59100;KELP;2016;34;;;;;2019;27;;;;;2017.5;377.2568359375
-1;59100;RAINFOREST_RESIN;9995;27;;;;;10005;27;;;;;10000.0;1225.0
-1;59200;KELP;2016;31;;;;;2020;31;;;;;2018.0;380.4326171875
-1;59200;RAINFOREST_RESIN;9998;4;9996;2;9995;29;10004;2;10005;29;;;10001.0;1229.0
-1;59300;RAINFOREST_RESIN;9996;1;9995;26;;;10004;1;10005;26;;;10000.0;1229.0
-1;59300;KELP;2016;26;;;;;2018;2;2019;27;;;2017.0;377.8515625
-1;59400;RAINFOREST_RESIN;9996;1;9995;21;;;10004;1;10005;21;;;10000.0;1229.0
-1;59400;KELP;2015;22;;;;;2019;22;;;;;2017.0;374.5029296875
-1;59500;KELP;2015;23;;;;;2019;23;;;;;2017.0;375.060546875
-1;59500;RAINFOREST_RESIN;10002;5;9995;23;;;10005;23;;;;;10003.5;1229.0
-1;59600;KELP;2016;29;;;;;2019;29;;;;;2017.5;375.759765625
-1;59600;RAINFOREST_RESIN;9996;2;9995;27;;;10004;2;10005;27;;;10000.0;1239.0
-1;59700;RAINFOREST_RESIN;9995;21;;;;;10005;21;;;;;10000.0;1239.0
-1;59700;KELP;2015;21;;;;;2018;21;;;;;2016.5;370.73828125
-1;59800;RAINFOREST_RESIN;9996;1;9995;24;;;10004;1;10005;24;;;10000.0;1239.0
-1;59800;KELP;2015;25;;;;;2018;25;;;;;2016.5;371.431640625
-1;59900;KELP;2015;24;;;;;2018;24;;;;;2016.5;370.69140625
-1;59900;RAINFOREST_RESIN;9996;1;9995;23;;;10002;6;10004;1;10005;23;9999.0;1239.0
-1;60000;KELP;2015;22;;;;;2018;22;;;;;2016.5;371.298828125
-1;60000;RAINFOREST_RESIN;9998;3;9995;22;;;10005;22;;;;;10001.5;1239.0
-1;60100;RAINFOREST_RESIN;9996;2;9995;25;;;10004;2;10005;25;;;10000.0;1245.0
-1;60100;KELP;2015;27;;;;;2018;27;;;;;2016.5;371.353515625
-1;60200;RAINFOREST_RESIN;9995;25;;;;;10005;25;;;;;10000.0;1245.0
-1;60200;KELP;2016;3;2015;25;;;2018;25;;;;;2017.0;370.2099609375
-1;60300;KELP;2015;28;;;;;2018;28;;;;;2016.5;370.06640625
-1;60300;RAINFOREST_RESIN;9996;1;9995;27;;;10004;1;10005;27;;;10000.0;1277.0
-1;60400;KELP;2015;1;2014;20;;;2018;21;;;;;2016.5;369.599609375
-1;60400;RAINFOREST_RESIN;9996;1;9995;20;;;9998;1;10004;1;10005;20;9997.0;1277.0
-1;60500;RAINFOREST_RESIN;9996;1;9995;23;;;10004;1;10005;23;;;10000.0;1279.0
-1;60500;KELP;2015;24;;;;;2018;24;;;;;2016.5;372.2216796875
-1;60600;RAINFOREST_RESIN;9996;2;9995;22;;;10004;2;10005;22;;;10000.0;1279.0
-1;60600;KELP;2015;26;;;;;2018;24;;;;;2016.5;372.078125
-1;60700;KELP;2015;22;;;;;2017;5;2018;22;;;2016.0;372.0390625
-1;60700;RAINFOREST_RESIN;9995;22;;;;;10005;22;;;;;10000.0;1279.0
-1;60800;KELP;2015;31;;;;;2018;32;;;;;2016.5;372.107421875
-1;60800;RAINFOREST_RESIN;10002;10;9996;2;9995;30;10004;2;10005;30;;;10003.0;1279.0
-1;60900;RAINFOREST_RESIN;9996;2;9995;29;;;10004;2;10005;29;;;10000.0;1299.0
-1;60900;KELP;2015;28;;;;;2017;4;2018;31;;;2016.0;370.92578125
-1;61000;RAINFOREST_RESIN;9995;28;;;;;10005;28;;;;;10000.0;1299.0
-1;61000;KELP;2015;28;;;;;2018;28;;;;;2016.5;371.5791015625
-1;61100;KELP;2015;29;;;;;2017;3;2018;29;;;2016.0;370.130859375
-1;61100;RAINFOREST_RESIN;9995;29;;;;;10005;29;;;;;10000.0;1299.0
-1;61200;KELP;2015;22;;;;;2016;2;2018;22;;;2015.5;371.3603515625
-1;61200;RAINFOREST_RESIN;9998;9;9996;1;9995;21;10000;2;10004;1;10005;21;9999.0;1299.0
-1;61300;RAINFOREST_RESIN;9996;1;9995;22;;;10004;1;10005;22;;;10000.0;1299.0
-1;61300;KELP;2015;23;;;;;2018;23;;;;;2016.5;374.162109375
-1;61400;RAINFOREST_RESIN;9996;1;9995;30;;;10004;1;10005;30;;;10000.0;1299.0
-1;61400;KELP;2015;31;;;;;2018;1;2019;30;;;2016.5;374.85546875
-1;61500;KELP;2015;29;;;;;2018;29;;;;;2016.5;372.142578125
-1;61500;RAINFOREST_RESIN;9996;2;9995;27;;;10004;2;10005;27;;;10000.0;1299.0
-1;61600;RAINFOREST_RESIN;9996;2;9995;28;;;10004;2;10005;28;;;10000.0;1299.0
-1;61600;KELP;2015;30;;;;;2017;5;2018;30;;;2016.0;370.6552734375
-1;61700;KELP;2014;26;;;;;2016;7;2017;27;;;2015.0;365.6875
-1;61700;RAINFOREST_RESIN;9996;1;9995;26;;;10004;1;10005;26;;;10000.0;1299.0
-1;61800;RAINFOREST_RESIN;9995;20;;;;;10005;20;;;;;10000.0;1299.0
-1;61800;KELP;2015;20;;;;;2018;20;;;;;2016.5;370.951171875
-1;61900;KELP;2014;26;;;;;2017;26;;;;;2015.5;366.25
-1;61900;RAINFOREST_RESIN;9995;26;;;;;9998;1;10005;26;;;9996.5;1299.0
-1;62000;RAINFOREST_RESIN;9995;20;;;;;10005;20;;;;;10000.0;1309.0
-1;62000;KELP;2016;1;2014;20;;;2017;20;;;;;2016.5;367.31640625
-1;62100;KELP;2014;25;;;;;2017;25;;;;;2015.5;367.90185546875
-1;62100;RAINFOREST_RESIN;9996;2;9995;23;;;10004;2;10005;23;;;10000.0;1309.0
-1;62200;RAINFOREST_RESIN;9995;25;;;;;10002;3;10005;25;;;9998.5;1309.0
-1;62200;KELP;2014;25;;;;;2017;25;;;;;2015.5;367.35986328125
-1;62300;KELP;2014;22;;;;;2017;22;;;;;2015.5;367.77392578125
-1;62300;RAINFOREST_RESIN;9995;22;;;;;10005;22;;;;;10000.0;1309.0
-1;62400;RAINFOREST_RESIN;9996;2;9995;23;;;10004;2;10005;23;;;10000.0;1317.0
-1;62400;KELP;2014;25;;;;;2016;8;2018;25;;;2015.0;369.41162109375
-1;62500;KELP;2015;3;2014;23;;;2018;24;;;;;2016.5;369.5185546875
-1;62500;RAINFOREST_RESIN;9996;1;9995;23;;;10004;1;10005;23;;;10000.0;1317.0
-1;62600;RAINFOREST_RESIN;9995;29;;;;;10005;29;;;;;10000.0;1317.0
-1;62600;KELP;2015;29;;;;;2018;29;;;;;2016.5;371.33740234375
-1;62700;KELP;2015;26;;;;;2018;26;;;;;2016.5;371.17822265625
-1;62700;RAINFOREST_RESIN;9996;2;9995;24;;;10004;2;10005;24;;;10000.0;1317.0
-1;62800;RAINFOREST_RESIN;9995;26;;;;;10005;26;;;;;10000.0;1317.0
-1;62800;KELP;2015;25;;;;;2017;1;2019;26;;;2016.0;372.63623046875
-1;62900;KELP;2016;29;;;;;2018;1;2019;29;;;2017.0;374.759765625
-1;62900;RAINFOREST_RESIN;9996;2;9995;27;;;9998;4;10004;2;10005;27;9997.0;1317.0
-1;63000;RAINFOREST_RESIN;9995;29;;;;;10005;29;;;;;10000.0;1325.0
-1;63000;KELP;2016;29;;;;;2018;4;2019;29;;;2017.0;374.9794921875
-1;63100;KELP;2016;25;;;;;2020;26;;;;;2018.0;376.806640625
-1;63100;RAINFOREST_RESIN;9996;2;9995;24;;;10004;2;10005;24;;;10000.0;1325.0
-1;63200;RAINFOREST_RESIN;9995;28;;;;;10005;28;;;;;10000.0;1325.0
-1;63200;KELP;2016;28;;;;;2020;28;;;;;2018.0;376.9482421875
-1;63300;KELP;2016;32;;;;;2019;2;2020;30;;;2017.5;376.458984375
-1;63300;RAINFOREST_RESIN;9996;2;9995;30;;;10004;2;10005;30;;;10000.0;1325.0
-1;63400;RAINFOREST_RESIN;9996;2;9995;24;;;10004;2;10005;24;;;10000.0;1325.0
-1;63400;KELP;2018;3;2016;26;;;2020;26;;;;;2019.0;376.7021484375
-1;63500;KELP;2016;22;;;;;2019;20;;;;;2017.5;376.091796875
-1;63500;RAINFOREST_RESIN;9998;8;9995;20;;;10005;20;;;;;10001.5;1325.0
-1;63600;RAINFOREST_RESIN;9995;21;;;;;10005;21;;;;;10000.0;1325.0
-1;63600;KELP;2018;1;2016;21;;;2019;21;;;;;2018.5;375.72900390625
-1;63700;KELP;2017;8;2016;30;;;2019;2;2020;28;;;2018.0;376.5908203125
-1;63700;RAINFOREST_RESIN;9996;2;9995;28;;;10002;6;10004;2;10005;28;9999.0;1325.0
-1;63800;RAINFOREST_RESIN;9996;1;9995;21;;;10004;1;10005;21;;;10000.0;1325.0
-1;63800;KELP;2016;21;;;;;2018;7;2020;22;;;2017.0;376.9072265625
-1;63900;KELP;2016;21;;;;;2018;6;2020;21;;;2017.0;376.45263671875
-1;63900;RAINFOREST_RESIN;9995;21;;;;;10005;21;;;;;10000.0;1325.0
-1;64000;RAINFOREST_RESIN;9998;6;9995;30;;;10005;30;;;;;10001.5;1373.0
-1;64000;KELP;2016;30;;;;;2019;30;;;;;2017.5;376.1611328125
-1;64100;KELP;2016;27;;;;;2019;27;;;;;2017.5;376.88330078125
-1;64100;RAINFOREST_RESIN;9995;27;;;;;10002;6;10005;27;;;9998.5;1374.0
-1;64200;KELP;2015;25;;;;;2018;25;;;;;2016.5;372.83984375
-1;64200;RAINFOREST_RESIN;9996;1;9995;24;;;10004;1;10005;24;;;10000.0;1374.0
-1;64300;RAINFOREST_RESIN;9998;7;9996;1;9995;22;10004;1;10005;22;;;10001.0;1383.0
-1;64300;KELP;2015;23;;;;;2018;23;;;;;2016.5;371.82470703125
-1;64400;RAINFOREST_RESIN;9998;8;9996;2;9995;27;10004;2;10005;27;;;10001.0;1383.0
-1;64400;KELP;2015;31;;;;;2018;29;;;;;2016.5;372.083984375
-1;64500;KELP;2015;29;;;;;2017;6;2018;29;;;2016.0;372.4609375
-1;64500;RAINFOREST_RESIN;9998;5;9996;2;9995;27;10004;2;10005;27;;;10001.0;1387.0
-1;64600;KELP;2015;26;;;;;2018;26;;;;;2016.5;372.0498046875
-1;64600;RAINFOREST_RESIN;9995;26;;;;;10005;26;;;;;10000.0;1387.0
-1;64700;RAINFOREST_RESIN;9995;28;;;;;10005;28;;;;;10000.0;1387.0
-1;64700;KELP;2015;28;;;;;2018;28;;;;;2016.5;370.86083984375
-1;64800;RAINFOREST_RESIN;9996;2;9995;30;;;10004;2;10005;30;;;10000.0;1387.0
-1;64800;KELP;2015;2;2014;30;;;2018;32;;;;;2016.5;370.77392578125
-1;64900;KELP;2015;31;;;;;2017;3;2018;31;;;2016.0;370.85986328125
-1;64900;RAINFOREST_RESIN;9996;2;9995;29;;;10004;2;10005;29;;;10000.0;1387.0
-1;65000;KELP;2015;25;;;;;2018;25;;;;;2016.5;372.1591796875
-1;65000;RAINFOREST_RESIN;9995;25;;;;;9998;1;10005;25;;;9996.5;1387.0
-1;65100;RAINFOREST_RESIN;9996;2;9995;23;;;10004;2;10005;23;;;10000.0;1389.0
-1;65100;KELP;2015;25;;;;;2018;25;;;;;2016.5;371.720703125
-1;65200;RAINFOREST_RESIN;9998;8;9995;29;;;10005;29;;;;;10001.5;1395.0
-1;65200;KELP;2017;1;2015;29;;;2019;29;;;;;2018.0;373.837890625
-1;65300;KELP;2015;21;;;;;2017;2;2018;21;;;2016.0;372.4609375
-1;65300;RAINFOREST_RESIN;9995;21;;;;;10002;3;10005;21;;;9998.5;1395.0
-1;65400;KELP;2015;28;;;;;2016;3;2018;28;;;2015.5;372.86376953125
-1;65400;RAINFOREST_RESIN;9996;2;9995;26;;;10000;3;10004;2;10005;26;9998.0;1397.0
-1;65500;RAINFOREST_RESIN;9996;2;9995;27;;;10004;2;10005;27;;;10000.0;1397.0
-1;65500;KELP;2015;36;;;;;2018;29;;;;;2016.5;373.5673828125
-1;65600;RAINFOREST_RESIN;9998;5;9995;20;;;10005;20;;;;;10001.5;1397.0
-1;65600;KELP;2015;20;;;;;2019;20;;;;;2017.0;375.8173828125
-1;65700;KELP;2014;29;;;;;2018;29;;;;;2016.0;371.091796875
-1;65700;RAINFOREST_RESIN;9995;29;;;;;10005;29;;;;;10000.0;1397.0
-1;65800;KELP;2015;20;;;;;2017;7;2018;20;;;2016.0;371.7431640625
-1;65800;RAINFOREST_RESIN;9998;9;9995;20;;;10005;20;;;;;10001.5;1397.0
-1;65900;RAINFOREST_RESIN;9996;1;9995;23;;;10004;1;10005;23;;;10000.0;1397.0
-1;65900;KELP;2015;29;;;;;2018;24;;;;;2016.5;373.119140625
-1;66000;RAINFOREST_RESIN;9998;4;9996;2;9995;22;10004;2;10005;22;;;10001.0;1397.0
-1;66000;KELP;2015;24;;;;;2018;24;;;;;2016.5;373.2685546875
-1;66100;KELP;2015;27;;;;;2018;27;;;;;2016.5;374.044921875
-1;66100;RAINFOREST_RESIN;9996;1;9995;26;;;9998;1;10004;1;10005;26;9997.0;1397.0
-1;66200;KELP;2016;5;2015;20;;;2019;20;;;;;2017.5;376.9072265625
-1;66200;RAINFOREST_RESIN;10002;1;10000;5;9995;20;10005;20;;;;;10003.5;1399.0
-1;66300;RAINFOREST_RESIN;9996;1;9995;24;;;10004;1;10005;24;;;10000.0;1401.0
-1;66300;KELP;2018;1;2016;2;2015;25;2019;25;;;;;2018.5;377.544921875
-1;66400;RAINFOREST_RESIN;9995;21;;;;;9998;3;10005;21;;;9996.5;1401.0
-1;66400;KELP;2015;21;;;;;2019;21;;;;;2017.0;379.0048828125
-1;66500;KELP;2015;22;;;;;2019;22;;;;;2017.0;378.6396484375
-1;66500;RAINFOREST_RESIN;9996;2;9995;20;;;10004;2;10005;20;;;10000.0;1405.0
-1;66600;KELP;2015;22;;;;;2017;3;2019;22;;;2016.0;377.24609375
-1;66600;RAINFOREST_RESIN;9995;22;;;;;10005;22;;;;;10000.0;1405.0
-1;66700;RAINFOREST_RESIN;9998;9;9995;27;;;10005;27;;;;;10001.5;1405.0
-1;66700;KELP;2014;27;;;;;2018;27;;;;;2016.0;371.919921875
-1;66800;RAINFOREST_RESIN;9995;30;;;;;10005;30;;;;;10000.0;1405.0
-1;66800;KELP;2014;30;;;;;2018;30;;;;;2016.0;372.51171875
-1;66900;KELP;2017;1;2015;4;2014;23;2018;23;;;;;2017.5;372.814453125
-1;66900;RAINFOREST_RESIN;9998;4;9995;23;;;10005;23;;;;;10001.5;1405.0
-1;67000;KELP;2015;25;;;;;2018;25;;;;;2016.5;374.544921875
-1;67000;RAINFOREST_RESIN;9996;1;9995;24;;;10004;1;10005;24;;;10000.0;1405.0
-1;67100;RAINFOREST_RESIN;9995;23;;;;;10005;23;;;;;10000.0;1405.0
-1;67100;KELP;2015;23;;;;;2018;23;;;;;2016.5;374.1875
-1;67200;RAINFOREST_RESIN;9996;2;9995;20;;;10002;3;10004;2;10005;20;9999.0;1405.0
-1;67200;KELP;2015;21;;;;;2018;22;;;;;2016.5;380.263671875
-1;67300;KELP;2015;31;;;;;2018;30;;;;;2016.5;380.0546875
-1;67300;RAINFOREST_RESIN;9995;30;;;;;9998;3;10005;30;;;9996.5;1405.0
-1;67400;KELP;2015;26;;;;;2018;26;;;;;2016.5;378.8798828125
-1;67400;RAINFOREST_RESIN;9998;4;9996;1;9995;25;10004;1;10005;25;;;10001.0;1405.0
-1;67500;RAINFOREST_RESIN;9995;21;;;;;10005;21;;;;;10000.0;1405.0
-1;67500;KELP;2015;20;;;;;2018;21;;;;;2016.5;379.20166015625
-1;67600;RAINFOREST_RESIN;9996;2;9995;25;;;10004;2;10005;25;;;10000.0;1405.0
-1;67600;KELP;2015;27;;;;;2018;27;;;;;2016.5;379.40966796875
-1;67700;KELP;2015;33;;;;;2018;30;;;;;2016.5;382.34375
-1;67700;RAINFOREST_RESIN;9996;1;9995;29;;;10004;1;10005;29;;;10000.0;1405.0
-1;67800;KELP;2015;38;;;;;2018;30;;;;;2016.5;387.94140625
-1;67800;RAINFOREST_RESIN;9998;3;9995;30;;;10005;30;;;;;10001.5;1405.0
-1;67900;RAINFOREST_RESIN;9995;25;;;;;10005;25;;;;;10000.0;1405.0
-1;67900;KELP;2015;25;;;;;2018;25;;;;;2016.5;382.93359375
-1;68000;RAINFOREST_RESIN;9996;2;9995;21;;;10004;2;10005;21;;;10000.0;1405.0
-1;68000;KELP;2015;23;;;;;2018;23;;;;;2016.5;382.279296875
-1;68100;KELP;2015;31;;;;;2017;4;2018;31;;;2016.0;391.5625
-1;68100;RAINFOREST_RESIN;9996;2;9995;29;;;10004;2;10005;29;;;10000.0;1405.0
-1;68200;KELP;2017;1;2015;31;;;2018;31;;;;;2017.5;389.2421875
-1;68200;RAINFOREST_RESIN;9996;2;9995;29;;;10004;2;10005;29;;;10000.0;1405.0
-1;68300;RAINFOREST_RESIN;9996;1;9995;28;;;10004;1;10005;28;;;10000.0;1405.0
-1;68300;KELP;2017;1;2015;29;;;2018;29;;;;;2017.5;391.03515625
-1;68400;RAINFOREST_RESIN;9996;2;9995;26;;;10004;2;10005;26;;;10000.0;1405.0
-1;68400;KELP;2015;28;;;;;2018;28;;;;;2016.5;389.849609375
-1;68500;KELP;2015;23;;;;;2018;23;;;;;2016.5;388.82421875
-1;68500;RAINFOREST_RESIN;9995;23;;;;;10002;5;10005;23;;;9998.5;1405.0
-1;68600;KELP;2015;24;;;;;2018;25;;;;;2016.5;389.25390625
-1;68600;RAINFOREST_RESIN;9996;1;9995;24;;;10004;1;10005;24;;;10000.0;1405.0
-1;68700;RAINFOREST_RESIN;9996;1;9995;27;;;10004;1;10005;27;;;10000.0;1405.0
-1;68700;KELP;2015;28;;;;;2018;28;;;;;2016.5;387.22265625
-1;68800;RAINFOREST_RESIN;9995;22;;;;;9998;1;10005;22;;;9996.5;1405.0
-1;68800;KELP;2015;22;;;;;2018;22;;;;;2016.5;388.703125
-1;68900;KELP;2017;1;2015;28;;;2018;28;;;;;2017.5;393.466796875
-1;68900;RAINFOREST_RESIN;9996;1;9995;27;;;10004;1;10005;27;;;10000.0;1405.0
-1;69000;KELP;2015;30;;;;;2018;30;;;;;2016.5;388.541015625
-1;69000;RAINFOREST_RESIN;9996;2;9995;28;;;10004;2;10005;28;;;10000.0;1405.0
-1;69100;RAINFOREST_RESIN;9998;9;9996;1;9995;30;10004;1;10005;30;;;10001.0;1405.0
-1;69100;KELP;2015;30;;;;;2018;31;;;;;2016.5;391.056640625
-1;69200;RAINFOREST_RESIN;9996;2;9995;28;;;10004;2;10005;28;;;10000.0;1405.0
-1;69200;KELP;2017;3;2015;30;;;2018;30;;;;;2017.5;391.568359375
-1;69300;KELP;2017;1;2015;21;;;2018;21;;;;;2017.5;394.14453125
-1;69300;RAINFOREST_RESIN;9995;21;;;;;9998;1;10005;21;;;9996.5;1405.0
-1;69400;KELP;2015;26;;;;;2018;26;;;;;2016.5;394.09375
-1;69400;RAINFOREST_RESIN;10002;1;9998;2;9996;1;10004;1;10005;25;;;10003.0;1405.0
-1;69500;RAINFOREST_RESIN;9998;1;9996;2;9995;24;10004;2;10005;24;;;10001.0;1407.0
-1;69500;KELP;2015;32;;;;;2018;26;;;;;2016.5;393.421875
-1;69600;RAINFOREST_RESIN;9995;23;;;;;10005;23;;;;;10000.0;1407.0
-1;69600;KELP;2015;22;;;;;2018;23;;;;;2016.5;393.6015625
-1;69700;KELP;2015;21;;;;;2018;21;;;;;2016.5;393.58203125
-1;69700;RAINFOREST_RESIN;10002;1;9996;1;9995;20;10004;1;10005;20;;;10003.0;1407.0
-1;69800;KELP;2015;24;;;;;2018;24;;;;;2016.5;390.55859375
-1;69800;RAINFOREST_RESIN;9996;1;9995;23;;;10004;1;10005;23;;;10000.0;1412.0
-1;69900;RAINFOREST_RESIN;9996;2;9995;27;;;10004;2;10005;27;;;10000.0;1412.0
-1;69900;KELP;2015;29;;;;;2018;29;;;;;2016.5;391.041015625
-1;70000;RAINFOREST_RESIN;9996;2;9995;27;;;10004;2;10005;27;;;10000.0;1412.0
-1;70000;KELP;2015;29;;;;;2018;29;;;;;2016.5;393.052734375
-1;70100;KELP;2015;23;;;;;2018;2;2019;22;;;2016.5;388.142578125
-1;70100;RAINFOREST_RESIN;9996;2;9995;22;;;10004;2;10005;22;;;10000.0;1412.0
-1;70200;KELP;2015;22;;;;;2018;22;;;;;2016.5;391.146484375
-1;70200;RAINFOREST_RESIN;9996;1;9995;21;;;10004;1;10005;21;;;10000.0;1412.0
-1;70300;RAINFOREST_RESIN;9996;1;9995;25;;;9998;2;10004;1;10005;25;9997.0;1412.0
-1;70300;KELP;2015;26;;;;;2018;26;;;;;2016.5;395.177734375
-1;70400;RAINFOREST_RESIN;9995;26;;;;;10005;26;;;;;10000.0;1414.0
-1;70400;KELP;2015;26;;;;;2017;6;2018;26;;;2016.0;397.568359375
-1;70500;KELP;2015;23;;;;;2016;3;2017;3;2018;23;2015.5;394.5
-1;70500;RAINFOREST_RESIN;9995;23;;;;;10000;3;10005;23;;;9997.5;1414.0
-1;70600;RAINFOREST_RESIN;9996;1;9995;27;;;10004;1;10005;27;;;10000.0;1414.0
-1;70600;KELP;2015;34;;;;;2018;28;;;;;2016.5;391.84375
-1;70700;KELP;2015;26;;;;;2018;26;;;;;2016.5;397.35546875
-1;70700;RAINFOREST_RESIN;9995;26;;;;;10005;26;;;;;10000.0;1414.0
-1;70800;RAINFOREST_RESIN;10002;1;9995;27;;;10005;27;;;;;10003.5;1414.0
-1;70800;KELP;2015;26;;;;;2018;27;;;;;2016.5;395.962890625
-1;70900;KELP;2015;32;;;;;2018;32;;;;;2016.5;395.751953125
-1;70900;RAINFOREST_RESIN;9996;2;9995;30;;;10004;2;10005;30;;;10000.0;1416.0
-1;71000;RAINFOREST_RESIN;9996;1;9995;29;;;10002;5;10004;1;10005;29;9999.0;1416.0
-1;71000;KELP;2015;30;;;;;2018;30;;;;;2016.5;396.1640625
-1;71100;KELP;2015;22;;;;;2018;22;;;;;2016.5;395.8671875
-1;71100;RAINFOREST_RESIN;9998;9;9996;1;9995;21;10004;1;10005;21;;;10001.0;1416.0
-1;71200;RAINFOREST_RESIN;10002;1;9996;1;9995;28;10004;1;10005;28;;;10003.0;1416.0
-1;71200;KELP;2015;28;;;;;2018;29;;;;;2016.5;396.19140625
-1;71300;KELP;2015;28;;;;;2017;4;2018;28;;;2016.0;397.861328125
-1;71300;RAINFOREST_RESIN;9996;2;9995;26;;;10002;4;10004;2;10005;26;9999.0;1418.0
-1;71400;RAINFOREST_RESIN;9996;2;9995;24;;;10002;3;10004;2;10005;24;9999.0;1418.0
-1;71400;KELP;2015;26;;;;;2018;26;;;;;2016.5;398.388671875
-1;71500;KELP;2015;25;;;;;2018;28;;;;;2016.5;395.125
-1;71500;RAINFOREST_RESIN;10002;1;9996;2;9995;26;10004;2;10005;26;;;10003.0;1418.0
-1;71600;RAINFOREST_RESIN;9996;1;9995;27;;;9998;3;10004;1;10005;27;9997.0;1420.0
-1;71600;KELP;2014;28;;;;;2018;28;;;;;2016.0;400.9609375
-1;71700;KELP;2014;31;;;;;2016;4;2018;31;;;2015.0;400.755859375
-1;71700;RAINFOREST_RESIN;9996;2;9995;29;;;10004;2;10005;29;;;10000.0;1426.0
-1;71800;RAINFOREST_RESIN;10002;1;9996;2;9995;25;10004;2;10005;25;;;10003.0;1426.0
-1;71800;KELP;2014;27;;;;;2018;27;;;;;2016.0;408.93212890625
-1;71900;KELP;2014;26;;;;;2018;26;;;;;2016.0;409.20166015625
-1;71900;RAINFOREST_RESIN;10002;1;9996;1;9995;25;10004;1;10005;25;;;10003.0;1428.0
-1;72000;RAINFOREST_RESIN;9996;1;9995;20;;;10004;1;10005;20;;;10000.0;1430.0
-1;72000;KELP;2015;21;;;;;2017;6;2018;21;;;2016.0;408.041748046875
-1;72100;KELP;2014;21;;;;;2016;5;2018;21;;;2015.0;408.8740234375
-1;72100;RAINFOREST_RESIN;9995;21;;;;;10005;21;;;;;10000.0;1430.0
-1;72200;RAINFOREST_RESIN;9996;2;9995;29;;;10004;2;10005;29;;;10000.0;1430.0
-1;72200;KELP;2016;3;2014;31;;;2018;31;;;;;2017.0;409.189697265625
-1;72300;KELP;2014;23;;;;;2018;23;;;;;2016.0;408.83642578125
-1;72300;RAINFOREST_RESIN;9996;1;9995;22;;;10002;8;10004;1;10005;22;9999.0;1430.0
-1;72400;RAINFOREST_RESIN;10002;1;9996;2;9995;20;10004;2;10005;20;;;10003.0;1430.0
-1;72400;KELP;2014;22;;;;;2016;6;2018;22;;;2015.0;409.09375
-1;72500;KELP;2014;34;;;;;2017;27;;;;;2015.5;409.755615234375
-1;72500;RAINFOREST_RESIN;9996;2;9995;25;;;10004;2;10005;25;;;10000.0;1432.0
-1;72600;RAINFOREST_RESIN;9996;2;9995;27;;;10004;2;10005;27;;;10000.0;1435.0
-1;72600;KELP;2014;35;;;;;2015;4;2017;29;;;2014.5;409.78662109375
-1;72700;KELP;2014;23;;;;;2017;23;;;;;2015.5;412.6451416015625
-1;72700;RAINFOREST_RESIN;9995;23;;;;;10005;23;;;;;10000.0;1435.0
-1;72800;RAINFOREST_RESIN;9995;20;;;;;10005;20;;;;;10000.0;1435.0
-1;72800;KELP;2014;20;;;;;2017;20;;;;;2015.5;412.675048828125
-1;72900;KELP;2014;24;;;;;2017;24;;;;;2015.5;412.638427734375
-1;72900;RAINFOREST_RESIN;9998;1;9996;2;9995;22;10004;2;10005;22;;;10001.0;1435.0
-1;73000;RAINFOREST_RESIN;9996;1;9995;21;;;10002;7;10004;1;10005;21;9999.0;1438.0
-1;73000;KELP;2014;21;;;;;2016;2;2017;22;;;2015.0;413.0
-1;73100;KELP;2014;31;;;;;2017;31;;;;;2015.5;413.0
-1;73100;RAINFOREST_RESIN;9996;2;9995;29;;;10002;3;10004;2;10005;29;9999.0;1438.0
-1;73200;KELP;2014;21;;;;;2017;21;;;;;2015.5;413.0
-1;73200;RAINFOREST_RESIN;9995;21;;;;;10005;21;;;;;10000.0;1438.0
-1;73300;RAINFOREST_RESIN;9996;1;9995;29;;;10004;1;10005;29;;;10000.0;1438.0
-1;73300;KELP;2014;30;;;;;2017;30;;;;;2015.5;413.0
-1;73400;RAINFOREST_RESIN;9995;30;;;;;9998;1;10005;30;;;9996.5;1438.0
-1;73400;KELP;2014;30;;;;;2016;4;2017;30;;;2015.0;413.0
-1;73500;KELP;2014;25;;;;;2017;25;;;;;2015.5;413.0
-1;73500;RAINFOREST_RESIN;9996;2;9995;23;;;10004;2;10005;23;;;10000.0;1440.0
-1;73600;KELP;2014;25;;;;;2017;25;;;;;2015.5;413.0
-1;73600;RAINFOREST_RESIN;9996;1;9995;24;;;10004;1;10005;24;;;10000.0;1440.0
-1;73700;RAINFOREST_RESIN;9995;24;;;;;10005;24;;;;;10000.0;1440.0
-1;73700;KELP;2014;24;;;;;2017;24;;;;;2015.5;413.0
-1;73800;RAINFOREST_RESIN;9995;24;;;;;10005;24;;;;;10000.0;1440.0
-1;73800;KELP;2014;24;;;;;2016;5;2018;24;;;2015.0;413.0
-1;73900;KELP;2015;27;;;;;2018;30;;;;;2016.5;413.0
-1;73900;RAINFOREST_RESIN;9995;30;;;;;10005;30;;;;;10000.0;1440.0
-1;74000;KELP;2015;26;;;;;2017;3;2018;26;;;2016.0;413.0
-1;74000;RAINFOREST_RESIN;10002;1;9998;10;9996;2;10004;2;10005;24;;;10003.0;1440.0
-1;74100;RAINFOREST_RESIN;10000;6;9996;2;9995;30;10004;2;10005;30;;;10002.0;1442.0
-1;74100;KELP;2016;6;2015;32;;;2018;32;;;;;2017.0;413.0
-1;74200;RAINFOREST_RESIN;9996;2;9995;20;;;10002;6;10004;2;10005;20;9999.0;1442.0
