day;timestamp;product;bid_price_1;bid_volume_1;bid_price_2;bid_volume_2;bid_price_3;bid_volume_3;ask_price_1;ask_volume_1;ask_price_2;ask_volume_2;ask_price_3;ask_volume_3;mid_price;profit_and_loss
-1;0;RAINFOREST_RESIN;10002;1;9996;2;9995;29;10004;2;10005;29;;;10003.0;0.0
-1;0;KELP;2028;1;2026;2;2025;29;2029;31;;;;;2028.5;0.0
-1;100;KELP;2025;24;;;;;2028;2;2029;22;;;2026.5;0.0
-1;100;RAINFOREST_RESIN;9996;2;9995;22;;;10004;2;10005;22;;;10000.0;0.0
-1;200;RAINFOREST_RESIN;9995;20;;;;;10005;20;;;;;10000.0;0.0
-1;200;KELP;2025;22;;;;;2028;20;;;;;2026.5;0.0
-1;300;KELP;2025;31;;;;;2028;2;2029;29;;;2026.5;0.0
-1;300;RAINFOREST_RESIN;9996;2;9995;29;;;10004;2;10005;29;;;10000.0;0.0
-1;400;RAINFOREST_RESIN;9996;2;9995;25;;;10004;2;10005;25;;;10000.0;0.0
-1;400;KELP;2025;27;;;;;2028;27;;;;;2026.5;0.0
-1;500;KELP;2025;30;;;;;2028;30;;;;;2026.5;0.0
-1;500;RAINFOREST_RESIN;9995;30;;;;;10002;4;10005;30;;;9998.5;0.0
-1;600;RAINFOREST_RESIN;10000;5;9995;25;;;10005;25;;;;;10002.5;0.0
-1;600;KELP;2026;5;2025;31;;;2028;25;;;;;2027.0;0.0
-1;700;KELP;2025;2;2024;23;;;2028;23;;;;;2026.5;0.0
-1;700;RAINFOREST_RESIN;9995;23;;;;;10005;23;;;;;10000.0;0.0
-1;800;RAINFOREST_RESIN;9996;1;9995;29;;;10004;1;10005;29;;;10000.0;0.0
-1;800;KELP;2024;1;2023;29;;;2027;30;;;;;2025.5;0.0
-1;900;KELP;2024;23;;;;;2027;23;;;;;2025.5;0.0
-1;900;RAINFOREST_RESIN;9996;1;9995;22;;;10004;1;10005;22;;;10000.0;0.0
-1;1000;RAINFOREST_RESIN;9995;26;;;;;10005;26;;;;;10000.0;0.0
-1;1000;KELP;2024;26;;;;;2026;6;2027;26;;;2025.0;0.0
-1;1100;KELP;2025;6;2024;26;;;2027;2;2028;24;;;2026.0;0.0
-1;1100;RAINFOREST_RESIN;9996;2;9995;24;;;10004;2;10005;24;;;10000.0;0.0
-1;1200;RAINFOREST_RESIN;9995;21;;;;;9998;1;10005;21;;;9996.5;0.0
-1;1200;KELP;2024;21;;;;;2026;8;2028;21;;;2025.0;0.0
-1;1300;KELP;2024;31;;;;;2028;31;;;;;2026.0;0.0
-1;1300;RAINFOREST_RESIN;10002;1;9996;1;9995;30;10004;1;10005;30;;;10003.0;0.0
-1;1400;RAINFOREST_RESIN;9996;1;9995;25;;;10004;1;10005;25;;;10000.0;0.0
-1;1400;KELP;2025;3;2024;25;;;2028;26;;;;;2026.5;0.0
-1;1500;KELP;2024;27;;;;;2028;27;;;;;2026.0;0.0
-1;1500;RAINFOREST_RESIN;9995;27;;;;;10005;27;;;;;10000.0;0.0
-1;1600;RAINFOREST_RESIN;9995;29;;;;;10005;29;;;;;10000.0;0.0
-1;1600;KELP;2024;29;;;;;2026;4;2028;29;;;2025.0;0.0
-1;1700;KELP;2024;22;;;;;2026;8;2028;22;;;2025.0;0.0
-1;1700;RAINFOREST_RESIN;9996;2;9995;20;;;10002;1;10004;2;10005;20;9999.0;0.0
-1;1800;RAINFOREST_RESIN;10002;1;9996;1;9995;22;10004;1;10005;22;;;10003.0;0.0
-1;1800;KELP;2024;23;;;;;2028;23;;;;;2026.0;0.0
-1;1900;KELP;2024;29;;;;;2026;5;2027;29;;;2025.0;0.0
-1;1900;RAINFOREST_RESIN;9996;1;9995;28;;;10004;1;10005;28;;;10000.0;0.0
-1;2000;KELP;2024;26;;;;;2027;26;;;;;2025.5;0.0
-1;2000;RAINFOREST_RESIN;9996;2;9995;24;;;9998;1;10004;2;10005;24;9997.0;0.0
-1;2100;RAINFOREST_RESIN;9996;2;9995;25;;;10002;3;10004;2;10005;25;9999.0;0.0
-1;2100;KELP;2024;27;;;;;2027;2;2028;25;;;2025.5;0.0
-1;2200;RAINFOREST_RESIN;9998;8;9996;1;9995;24;10004;1;10005;24;;;10001.0;0.0
-1;2200;KELP;2024;25;;;;;2026;7;2027;1;2028;24;2025.0;0.0
-1;2300;KELP;2024;32;;;;;2028;32;;;;;2026.0;0.0
-1;2300;RAINFOREST_RESIN;9998;7;9996;2;9995;30;10004;2;10005;30;;;10001.0;0.0
-1;2400;KELP;2024;29;;;;;2025;1;2028;29;;;2024.5;0.0
-1;2400;RAINFOREST_RESIN;9995;29;;;;;10005;29;;;;;10000.0;0.0
-1;2500;RAINFOREST_RESIN;9996;1;9995;22;;;10004;1;10005;22;;;10000.0;0.0
-1;2500;KELP;2025;2;2024;23;;;2027;1;2028;22;;;2026.0;0.0
-1;2600;RAINFOREST_RESIN;9995;23;;;;;10005;23;;;;;10000.0;0.0
-1;2600;KELP;2025;3;2024;23;;;2028;23;;;;;2026.5;0.0
-1;2700;KELP;2024;26;;;;;2027;26;;;;;2025.5;0.0
-1;2700;RAINFOREST_RESIN;9998;6;9995;26;;;10005;26;;;;;10001.5;0.0
-1;2800;KELP;2023;25;;;;;2027;25;;;;;2025.0;0.0
-1;2800;RAINFOREST_RESIN;9995;25;;;;;10005;25;;;;;10000.0;0.0
-1;2900;RAINFOREST_RESIN;9996;1;9995;25;;;10004;1;10005;25;;;10000.0;0.0
-1;2900;KELP;2023;26;;;;;2027;26;;;;;2025.0;0.0
-1;3000;RAINFOREST_RESIN;9998;1;9995;26;;;10005;26;;;;;10001.5;0.0
-1;3000;KELP;2024;29;;;;;2027;26;;;;;2025.5;0.0
-1;3100;KELP;2023;26;;;;;2025;5;2026;26;;;2024.0;1.6734619140625
-1;3100;RAINFOREST_RESIN;9996;2;9995;24;;;10004;2;10005;24;;;10000.0;0.0
-1;3200;KELP;2023;23;;;;;2025;3;2026;23;;;2024.0;1.4967041015625
-1;3200;RAINFOREST_RESIN;9996;1;9995;22;;;10004;1;10005;22;;;10000.0;0.0
-1;3300;RAINFOREST_RESIN;9996;2;9995;30;;;10004;2;10005;30;;;10000.0;0.0
-1;3300;KELP;2023;32;;;;;2025;2;2026;32;;;2024.0;1.3560791015625
-1;3400;RAINFOREST_RESIN;9996;2;9995;24;;;10004;2;10005;24;;;10000.0;0.0
-1;3400;KELP;2023;26;;;;;2026;26;;;;;2024.5;1.383544921875
-1;3500;KELP;2023;26;;;;;2026;26;;;;;2024.5;1.366943359375
-1;3500;RAINFOREST_RESIN;9995;26;;;;;10005;26;;;;;10000.0;0.0
-1;3600;KELP;2023;21;;;;;2026;21;;;;;2024.5;1.3702392578125
-1;3600;RAINFOREST_RESIN;9995;21;;;;;9998;4;10005;21;;;9996.5;0.0
-1;3700;RAINFOREST_RESIN;10002;1;9996;1;9995;23;10004;1;10005;23;;;10003.0;0.0
-1;3700;KELP;2023;27;;;;;2026;24;;;;;2024.5;1.6722412109375
-1;3800;RAINFOREST_RESIN;9996;2;9995;23;;;10002;10;10004;2;10005;23;9999.0;0.0
-1;3800;KELP;2023;25;;;;;2026;25;;;;;2024.5;1.6824951171875
-1;3900;KELP;2023;28;;;;;2026;26;;;;;2024.5;1.5958251953125
-1;3900;RAINFOREST_RESIN;9998;1;9996;1;9995;25;10004;1;10005;25;;;10001.0;0.0
-1;4000;KELP;2023;32;;;;;2026;32;;;;;2024.5;1.400146484375
-1;4000;RAINFOREST_RESIN;9996;2;9995;30;;;10004;2;10005;30;;;10000.0;0.0
-1;4100;RAINFOREST_RESIN;9996;2;9995;27;;;10004;2;10005;27;;;10000.0;0.0
-1;4100;KELP;2023;29;;;;;2027;29;;;;;2025.0;1.0284423828125
-1;4200;RAINFOREST_RESIN;9996;2;9995;24;;;10002;4;10004;2;10005;24;9999.0;0.0
-1;4200;KELP;2023;26;;;;;2027;26;;;;;2025.0;1.0435791015625
-1;4300;KELP;2023;29;;;;;2024;5;2026;22;;;2023.5;1.425048828125
-1;4300;RAINFOREST_RESIN;9995;22;;;;;9998;1;10000;6;10005;22;9996.5;0.0
-1;4400;KELP;2023;30;;;;;2026;30;;;;;2024.5;1.3729248046875
-1;4400;RAINFOREST_RESIN;9995;30;;;;;10005;30;;;;;10000.0;0.0
-1;4500;RAINFOREST_RESIN;9996;1;9995;28;;;10002;10;10004;1;10005;28;9999.0;0.0
-1;4500;KELP;2023;28;;;;;2026;29;;;;;2024.5;1.4654541015625
-1;4600;RAINFOREST_RESIN;9996;1;9995;29;;;10002;10;10004;1;10005;29;9999.0;0.0
-1;4600;KELP;2023;30;;;;;2026;30;;;;;2024.5;1.4429931640625
-1;4700;KELP;2023;25;;;;;2025;3;2026;32;;;2024.0;1.2503662109375
-1;4700;RAINFOREST_RESIN;9996;2;9995;30;;;10004;2;10005;30;;;10000.0;0.0
-1;4800;KELP;2023;24;;;;;2027;24;;;;;2025.0;1.0350341796875
-1;4800;RAINFOREST_RESIN;9998;6;9996;2;9995;22;10004;2;10005;22;;;10001.0;0.0
-1;4900;RAINFOREST_RESIN;9995;22;;;;;10002;7;10005;22;;;9998.5;0.0
-1;4900;KELP;2023;22;;;;;2027;22;;;;;2025.0;2.91943359375
-1;5000;RAINFOREST_RESIN;9998;3;9996;2;9995;28;10004;2;10005;28;;;10001.0;0.0
-1;5000;KELP;2023;30;;;;;2026;30;;;;;2024.5;4.189453125
-1;5100;KELP;2023;37;;;;;2026;31;;;;;2024.5;4.12451171875
-1;5100;RAINFOREST_RESIN;9996;1;9995;30;;;10004;1;10005;30;;;10000.0;0.0
-1;5200;KELP;2023;35;;;;;2026;27;;;;;2024.5;4.220703125
-1;5200;RAINFOREST_RESIN;9998;9;9996;1;9995;26;10004;1;10005;26;;;10001.0;0.0
-1;5300;RAINFOREST_RESIN;9996;1;9995;20;;;10004;1;10005;20;;;10000.0;0.0
-1;5300;KELP;2025;1;2023;21;;;2026;21;;;;;2025.5;4.09521484375
-1;5400;RAINFOREST_RESIN;9995;21;;;;;10005;21;;;;;10000.0;0.0
-1;5400;KELP;2023;21;;;;;2025;6;2027;21;;;2024.0;3.056640625
-1;5500;KELP;2023;27;;;;;2027;27;;;;;2025.0;2.7177734375
-1;5500;RAINFOREST_RESIN;9995;27;;;;;10005;27;;;;;10000.0;0.0
-1;5600;KELP;2025;2;2023;28;;;2027;28;;;;;2026.0;2.57275390625
-1;5600;RAINFOREST_RESIN;9995;28;;;;;10005;28;;;;;10000.0;0.0
-1;5700;RAINFOREST_RESIN;9998;2;9995;27;;;10005;27;;;;;10001.5;0.0
-1;5700;KELP;2024;26;;;;;2027;27;;;;;2025.5;2.3037109375
-1;5800;RAINFOREST_RESIN;9996;1;9995;30;;;10004;1;10005;30;;;10000.0;0.0
-1;5800;KELP;2024;31;;;;;2027;31;;;;;2025.5;1.30078125
-1;5900;KELP;2024;35;;;;;2027;30;;;;;2025.5;1.53759765625
-1;5900;RAINFOREST_RESIN;9996;2;9995;28;;;10004;2;10005;28;;;10000.0;0.0
-1;6000;KELP;2024;30;;;;;2027;30;;;;;2025.5;1.68359375
-1;6000;RAINFOREST_RESIN;9995;30;;;;;10005;30;;;;;10000.0;0.0
-1;6100;RAINFOREST_RESIN;9996;1;9995;24;;;10004;1;10005;24;;;10000.0;0.0
-1;6100;KELP;2024;24;;;;;2027;25;;;;;2025.5;1.681640625
-1;6200;RAINFOREST_RESIN;9996;1;9995;21;;;10004;1;10005;21;;;10000.0;0.0
-1;6200;KELP;2024;22;;;;;2027;22;;;;;2025.5;1.52294921875
-1;6300;KELP;2024;30;;;;;2027;25;;;;;2025.5;0.85205078125
-1;6300;RAINFOREST_RESIN;9996;2;9995;23;;;10004;2;10005;23;;;10000.0;0.0
-1;6400;KELP;2024;25;;;;;2027;25;;;;;2025.5;0.91796875
-1;6400;RAINFOREST_RESIN;9996;1;9995;24;;;10004;1;10005;24;;;10000.0;0.0
-1;6500;RAINFOREST_RESIN;9996;1;9995;26;;;9998;1;10004;1;10005;26;9997.0;0.0
-1;6500;KELP;2024;27;;;;;2027;27;;;;;2025.5;1.5576171875
-1;6600;RAINFOREST_RESIN;9996;2;9995;24;;;10004;2;10005;24;;;10000.0;0.0
-1;6600;KELP;2024;26;;;;;2028;26;;;;;2026.0;0.0546875
-1;6700;KELP;2025;7;2024;20;;;2028;20;;;;;2026.5;-0.396484375
-1;6700;RAINFOREST_RESIN;9995;20;;;;;10002;3;10005;20;;;9998.5;0.0
-1;6800;KELP;2024;32;;;;;2026;8;2027;2;2028;30;2025.0;0.63330078125
-1;6800;RAINFOREST_RESIN;9996;2;9995;30;;;10004;2;10005;30;;;10000.0;0.0
-1;6900;RAINFOREST_RESIN;9996;1;9995;26;;;10002;5;10004;1;10005;26;9999.0;0.0
-1;6900;KELP;2024;27;;;;;2026;1;2027;27;;;2025.0;1.1533203125
-1;7000;RAINFOREST_RESIN;9998;2;9995;27;;;10005;27;;;;;10001.5;0.0
-1;7000;KELP;2026;4;2024;27;;;2027;27;;;;;2026.5;0.99462890625
-1;7100;KELP;2024;30;;;;;2027;30;;;;;2025.5;1.603515625
-1;7100;RAINFOREST_RESIN;9996;1;9995;29;;;10004;1;10005;29;;;10000.0;0.0
-1;7200;KELP;2024;28;;;;;2027;28;;;;;2025.5;1.93212890625
-1;7200;RAINFOREST_RESIN;9998;5;9996;1;9995;27;10004;1;10005;27;;;10001.0;0.0
-1;7300;RAINFOREST_RESIN;10002;1;9996;2;9995;29;10004;2;10005;29;;;10003.0;0.0
-1;7300;KELP;2024;35;;;;;2027;31;;;;;2025.5;1.95654296875
-1;7400;RAINFOREST_RESIN;9996;1;9995;22;;;10004;1;10005;22;;;10000.0;0.0
-1;7400;KELP;2024;22;;;;;2027;23;;;;;2025.5;3.015625
-1;7500;KELP;2024;25;;;;;2027;25;;;;;2025.5;2.6064453125
-1;7500;RAINFOREST_RESIN;9995;25;;;;;10002;10;10005;25;;;9998.5;0.0
-1;7600;KELP;2024;22;;;;;2027;22;;;;;2025.5;2.703125
-1;7600;RAINFOREST_RESIN;9996;2;9995;20;;;10004;2;10005;20;;;10000.0;0.0
-1;7700;RAINFOREST_RESIN;9995;22;;;;;10005;22;;;;;10000.0;0.0
-1;7700;KELP;2024;21;;;;;2027;22;;;;;2025.5;2.8037109375
-1;7800;RAINFOREST_RESIN;9998;3;9996;1;9995;22;10004;1;10005;22;;;10001.0;0.0
-1;7800;KELP;2024;23;;;;;2027;23;;;;;2025.5;2.89453125
-1;7900;KELP;2024;31;;;;;2027;27;;;;;2025.5;2.94921875
-1;7900;RAINFOREST_RESIN;9996;1;9995;26;;;10004;1;10005;26;;;10000.0;0.0
-1;8000;KELP;2024;27;;;;;2026;8;2027;27;;;2025.0;3.4775390625
-1;8000;RAINFOREST_RESIN;9995;27;;;;;10005;27;;;;;10000.0;0.0
-1;8100;RAINFOREST_RESIN;9996;1;9995;22;;;10004;1;10005;22;;;10000.0;0.0
-1;8100;KELP;2023;23;;;;;2027;23;;;;;2025.0;5.40625
-1;8200;RAINFOREST_RESIN;9995;23;;;;;10005;23;;;;;10000.0;0.0
-1;8200;KELP;2023;23;;;;;2025;1;2026;23;;;2024.0;7.390625
-1;8300;KELP;2023;30;;;;;2026;30;;;;;2024.5;9.48046875
-1;8300;RAINFOREST_RESIN;9996;1;9995;29;;;10004;1;10005;29;;;10000.0;0.0
-1;8400;RAINFOREST_RESIN;9995;28;;;;;10005;28;;;;;10000.0;0.0
-1;8400;KELP;2023;28;;;;;2026;28;;;;;2024.5;9.373046875
-1;8500;KELP;2023;31;;;;;2026;31;;;;;2024.5;9.8466796875
-1;8500;RAINFOREST_RESIN;9998;10;9996;2;9995;29;10004;2;10005;29;;;10001.0;0.0
-1;8600;RAINFOREST_RESIN;9996;1;9995;22;;;10004;1;10005;22;;;10000.0;0.0
-1;8600;KELP;2023;22;;;;;2026;23;;;;;2024.5;8.8681640625
-1;8700;KELP;2023;27;;;;;2025;4;2026;27;;;2024.0;7.837890625
-1;8700;RAINFOREST_RESIN;9998;10;9995;27;;;10005;27;;;;;10001.5;0.0
-1;8800;RAINFOREST_RESIN;9995;25;;;;;9998;1;10005;25;;;9996.5;0.0
-1;8800;KELP;2024;7;2023;25;;;2027;25;;;;;2025.5;6.0546875
-1;8900;KELP;2024;1;2023;26;;;2027;26;;;;;2025.5;6.3662109375
-1;8900;RAINFOREST_RESIN;9998;9;9995;26;;;10005;26;;;;;10001.5;0.0
-1;9000;RAINFOREST_RESIN;9996;2;9995;29;;;10004;2;10005;29;;;10000.0;0.0
-1;9000;KELP;2023;31;;;;;2027;31;;;;;2025.0;6.49609375
-1;9100;KELP;2023;29;;;;;2026;2;2027;27;;;2024.5;6.9931640625
-1;9100;RAINFOREST_RESIN;9998;3;9996;2;9995;27;10004;2;10005;27;;;10001.0;0.0
-1;9200;RAINFOREST_RESIN;9998;10;9995;27;;;10005;27;;;;;10001.5;0.0
-1;9200;KELP;2023;27;;;;;2025;7;2026;27;;;2024.0;7.310546875
-1;9300;KELP;2023;21;;;;;2026;21;;;;;2024.5;8.400390625
-1;9300;RAINFOREST_RESIN;9996;1;9995;20;;;10004;1;10005;20;;;10000.0;0.0
-1;9400;RAINFOREST_RESIN;9998;2;9996;2;9995;21;10004;2;10005;21;;;10001.0;0.0
-1;9400;KELP;2023;23;;;;;2026;23;;;;;2024.5;8.91015625
-1;9500;KELP;2023;35;;;;;2026;31;;;;;2024.5;8.4931640625
-1;9500;RAINFOREST_RESIN;9996;1;9995;30;;;10004;1;10005;30;;;10000.0;0.0
-1;9600;RAINFOREST_RESIN;9996;1;9995;30;;;10004;1;10005;30;;;10000.0;0.0
-1;9600;KELP;2023;31;;;;;2026;31;;;;;2024.5;9.41015625
-1;9700;KELP;2023;22;;;;;2026;22;;;;;2024.5;9.4169921875
-1;9700;RAINFOREST_RESIN;9995;22;;;;;10002;1;10005;22;;;9998.5;0.0
-1;9800;RAINFOREST_RESIN;9995;26;;;;;10005;26;;;;;10000.0;0.0
-1;9800;KELP;2023;26;;;;;2026;26;;;;;2024.5;9.126953125
-1;9900;KELP;2025;4;2023;25;;;2026;25;;;;;2025.5;7.9697265625
-1;9900;RAINFOREST_RESIN;9995;25;;;;;10005;25;;;;;10000.0;0.0
-1;10000;RAINFOREST_RESIN;9995;28;;;;;10005;28;;;;;10000.0;0.0
-1;10000;KELP;2023;36;;;;;2026;28;;;;;2024.5;8.10546875
-1;10100;KELP;2023;25;;;;;2026;25;;;;;2024.5;8.6298828125
-1;10100;RAINFOREST_RESIN;9996;1;9995;24;;;10002;3;10004;1;10005;24;9999.0;0.0
-1;10200;RAINFOREST_RESIN;9996;2;9995;26;;;10004;2;10005;26;;;10000.0;0.0
-1;10200;KELP;2022;28;;;;;2026;28;;;;;2024.0;12.126953125
-1;10300;KELP;2024;1;2022;35;;;2025;27;;;;;2024.5;15.609375
-1;10300;RAINFOREST_RESIN;9998;4;9995;27;;;10005;27;;;;;10001.5;0.0
-1;10400;RAINFOREST_RESIN;10002;1;9996;1;9995;28;10004;1;10005;28;;;10003.0;0.0
-1;10400;KELP;2023;1;2022;29;;;2026;29;;;;;2024.5;11.720703125
-1;10500;KELP;2023;2;2022;29;;;2026;31;;;;;2024.5;11.16015625
-1;10500;RAINFOREST_RESIN;9998;4;9996;2;9995;29;10004;2;10005;29;;;10001.0;0.0
-1;10600;RAINFOREST_RESIN;9996;2;9995;29;;;10000;4;10004;2;10005;29;9998.0;0.0
-1;10600;KELP;2022;31;;;;;2023;4;2024;4;2025;31;2022.5;14.53515625
-1;10700;KELP;2022;29;;;;;2025;28;;;;;2023.5;15.23046875
-1;10700;RAINFOREST_RESIN;9998;8;9995;28;;;10005;28;;;;;10001.5;0.0
-1;10800;RAINFOREST_RESIN;9998;5;9996;2;9995;22;10004;2;10005;22;;;10001.0;0.0
-1;10800;KELP;2022;27;;;;;2025;24;;;;;2023.5;14.703125
-1;10900;KELP;2022;35;;;;;2025;28;;;;;2023.5;14.859375
-1;10900;RAINFOREST_RESIN;9996;1;9995;27;;;10004;1;10005;27;;;10000.0;0.0
-1;11000;KELP;2024;7;2022;24;;;2025;24;;;;;2024.5;14.875
-1;11000;RAINFOREST_RESIN;9995;24;;;;;10002;7;10005;24;;;9998.5;0.0
-1;11100;RAINFOREST_RESIN;9998;3;9995;21;;;10005;21;;;;;10001.5;0.0
-1;11100;KELP;2022;21;;;;;2025;21;;;;;2023.5;14.5234375
-1;11200;RAINFOREST_RESIN;9996;2;9995;21;;;10002;7;10004;2;10005;21;9999.0;0.0
-1;11200;KELP;2022;23;;;;;2025;23;;;;;2023.5;15.005859375
-1;11300;KELP;2022;25;;;;;2025;22;;;;;2023.5;14.5537109375
-1;11300;RAINFOREST_RESIN;9996;1;9995;21;;;10004;1;10005;21;;;10000.0;0.0
-1;11400;KELP;2022;26;;;;;2025;26;;;;;2023.5;13.9033203125
-1;11400;RAINFOREST_RESIN;9996;1;9995;25;;;10004;1;10005;25;;;10000.0;0.0
-1;11500;RAINFOREST_RESIN;9996;1;9995;25;;;10002;7;10004;1;10005;25;9999.0;0.0
-1;11500;KELP;2022;26;;;;;2024;8;2025;26;;;2023.0;14.15234375
-1;11600;RAINFOREST_RESIN;9996;2;9995;27;;;10002;2;10004;2;10005;27;9999.0;0.0
-1;11600;KELP;2022;29;;;;;2026;29;;;;;2024.0;11.3349609375
-1;11700;KELP;2022;23;;;;;2023;2;2026;23;;;2022.5;12.44921875
-1;11700;RAINFOREST_RESIN;9996;2;9995;21;;;10004;2;10005;21;;;10000.0;0.0
-1;11800;KELP;2022;29;;;;;2024;4;2026;29;;;2023.0;10.90625
-1;11800;RAINFOREST_RESIN;9998;10;9995;29;;;10000;5;10005;29;;;9999.0;0.0
-1;11900;RAINFOREST_RESIN;9996;2;9995;30;;;10004;2;10005;30;;;10000.0;0.0
-1;11900;KELP;2023;2;2022;30;;;2024;3;2026;32;;;2023.5;11.1494140625
-1;12000;RAINFOREST_RESIN;10002;1;9995;20;;;10005;20;;;;;10003.5;0.0
-1;12000;KELP;2023;20;;;;;2026;20;;;;;2024.5;9.173828125
-1;12100;KELP;2023;27;;;;;2025;1;2026;27;;;2024.0;9.25
-1;12100;RAINFOREST_RESIN;9996;2;9995;25;;;10004;2;10005;25;;;10000.0;0.0
-1;12200;KELP;2023;34;;;;;2026;30;;;;;2024.5;9.330078125
-1;12200;RAINFOREST_RESIN;9996;2;9995;28;;;10004;2;10005;28;;;10000.0;0.0
-1;12300;RAINFOREST_RESIN;9998;6;9996;1;9995;28;10004;1;10005;28;;;10001.0;0.0
-1;12300;KELP;2023;29;;;;;2026;29;;;;;2024.5;8.958984375
-1;12400;RAINFOREST_RESIN;9995;26;;;;;10005;26;;;;;10000.0;0.0
-1;12400;KELP;2023;30;;;;;2026;26;;;;;2024.5;8.6640625
-1;12500;KELP;2023;19;;;;;2026;20;;;;;2024.5;17.94921875
-1;12500;RAINFOREST_RESIN;9995;20;;;;;10005;20;;;;;10000.0;0.0
-1;12600;KELP;2023;22;;;;;2026;22;;;;;2024.5;20.5625
-1;12600;RAINFOREST_RESIN;9995;22;;;;;10005;22;;;;;10000.0;0.0
-1;12700;RAINFOREST_RESIN;9996;2;9995;20;;;10004;2;10005;20;;;10000.0;0.0
-1;12700;KELP;2023;22;;;;;2026;22;;;;;2024.5;18.60546875
-1;12800;RAINFOREST_RESIN;9996;2;9995;20;;;10004;2;10005;20;;;10000.0;0.0
-1;12800;KELP;2023;22;;;;;2026;22;;;;;2024.5;17.1328125
-1;12900;KELP;2023;36;;;;;2026;29;;;;;2024.5;15.234375
-1;12900;RAINFOREST_RESIN;9996;1;9995;28;;;10002;3;10004;1;10005;28;9999.0;0.0
-1;13000;KELP;2025;1;2023;6;2022;20;2026;20;;;;;2025.5;23.96875
-1;13000;RAINFOREST_RESIN;10002;1;9995;20;;;10005;20;;;;;10003.5;0.0
-1;13100;RAINFOREST_RESIN;9996;1;9995;25;;;10004;1;10005;25;;;10000.0;0.0
-1;13100;KELP;2023;33;;;;;2026;26;;;;;2024.5;20.98828125
-1;13200;RAINFOREST_RESIN;9998;2;9995;22;;;10005;22;;;;;10001.5;0.0
-1;13200;KELP;2022;22;;;;;2025;5;2026;22;;;2023.5;22.5234375
-1;13300;KELP;2023;6;2022;24;;;2026;24;;;;;2024.5;23.171875
-1;13300;RAINFOREST_RESIN;9995;24;;;;;10005;24;;;;;10000.0;0.0
-1;13400;KELP;2023;32;;;;;2026;32;;;;;2024.5;23.9375
-1;13400;RAINFOREST_RESIN;9996;2;9995;30;;;10004;2;10005;30;;;10000.0;0.0
-1;13500;RAINFOREST_RESIN;9995;30;;;;;10005;30;;;;;10000.0;0.0
-1;13500;KELP;2022;30;;;;;2025;8;2026;30;;;2023.5;24.21484375
-1;13600;RAINFOREST_RESIN;9995;25;;;;;10002;10;10005;25;;;9998.5;0.0
-1;13600;KELP;2023;24;;;;;2025;3;2026;25;;;2024.0;20.6875
-1;13700;KELP;2023;25;;;;;2026;21;;;;;2024.5;20.609375
-1;13700;RAINFOREST_RESIN;9996;1;9995;20;;;9998;4;10004;1;10005;20;9997.0;0.0
-1;13800;KELP;2023;23;;;;;2026;22;;;;;2024.5;19.2109375
-1;13800;RAINFOREST_RESIN;9996;2;9995;20;;;10004;2;10005;20;;;10000.0;0.0
-1;13900;RAINFOREST_RESIN;9996;2;9995;20;;;10000;6;10004;2;10005;20;9998.0;0.0
-1;13900;KELP;2023;22;;;;;2024;6;2025;4;2026;22;2023.5;22.28125
-1;14000;RAINFOREST_RESIN;9998;5;9996;2;9995;27;10004;2;10005;27;;;10001.0;0.0
-1;14000;KELP;2023;3;2022;29;;;2026;29;;;;;2024.5;26.51953125
-1;14100;KELP;2023;25;;;;;2025;1;2026;25;;;2024.0;18.94140625
-1;14100;RAINFOREST_RESIN;9996;2;9995;23;;;10004;2;10005;23;;;10000.0;0.0
-1;14200;KELP;2023;20;;;;;2026;21;;;;;2024.5;18.50390625
-1;14200;RAINFOREST_RESIN;9995;21;;;;;10005;21;;;;;10000.0;0.0
-1;14300;RAINFOREST_RESIN;9996;2;9995;27;;;10004;2;10005;27;;;10000.0;0.0
-1;14300;KELP;2022;29;;;;;2026;29;;;;;2024.0;28.9453125
-1;14400;RAINFOREST_RESIN;9996;1;9995;29;;;10004;1;10005;29;;;10000.0;0.0
-1;14400;KELP;2023;30;;;;;2026;30;;;;;2024.5;23.703125
-1;14500;KELP;2023;24;;;;;2026;24;;;;;2024.5;22.7734375
-1;14500;RAINFOREST_RESIN;9995;24;;;;;10002;1;10005;24;;;9998.5;0.0
-1;14600;KELP;2022;28;;;;;2024;2;2026;28;;;2023.0;27.27734375
-1;14600;RAINFOREST_RESIN;9996;2;9995;26;;;10000;2;10004;2;10005;26;9998.0;0.0
-1;14700;RAINFOREST_RESIN;9995;30;;;;;10002;7;10005;30;;;9998.5;0.0
-1;14700;KELP;2022;30;;;;;2025;30;;;;;2023.5;36.11328125
-1;14800;RAINFOREST_RESIN;9995;28;;;;;10002;6;10005;28;;;9998.5;0.0
-1;14800;KELP;2022;28;;;;;2025;28;;;;;2023.5;36.37109375
-1;14900;KELP;2023;4;2022;26;;;2025;26;;;;;2024.0;37.03125
-1;14900;RAINFOREST_RESIN;10000;4;9995;26;;;10005;26;;;;;10002.5;0.0
-1;15000;KELP;2024;8;2022;25;;;2025;25;;;;;2024.5;38.91015625
-1;15000;RAINFOREST_RESIN;9998;1;9995;25;;;10005;25;;;;;10001.5;0.0
-1;15100;RAINFOREST_RESIN;9995;22;;;;;10005;22;;;;;10000.0;0.0
-1;15100;KELP;2022;27;;;;;2025;22;;;;;2023.5;43.15234375
-1;15200;RAINFOREST_RESIN;9998;6;9995;27;;;10005;27;;;;;10001.5;0.0
-1;15200;KELP;2022;26;;;;;2025;27;;;;;2023.5;43.39453125
-1;15300;KELP;2022;26;;;;;2024;4;2025;26;;;2023.0;44.203125
-1;15300;RAINFOREST_RESIN;9995;26;;;;;10002;1;10005;26;;;9998.5;0.0
-1;15400;KELP;2022;35;;;;;2025;30;;;;;2023.5;45.578125
-1;15400;RAINFOREST_RESIN;9996;2;9995;28;;;9998;1;10004;2;10005;28;9997.0;0.0
-1;15500;RAINFOREST_RESIN;10002;1;9996;2;9995;29;10004;2;10005;29;;;10003.0;0.0
-1;15500;KELP;2022;31;;;;;2024;8;2025;31;;;2023.0;42.76171875
-1;15600;RAINFOREST_RESIN;9996;2;9995;24;;;10004;2;10005;24;;;10000.0;0.0
-1;15600;KELP;2022;31;;;;;2025;26;;;;;2023.5;40.42578125
-1;15700;KELP;2022;25;;;;;2025;25;;;;;2023.5;37.44140625
-1;15700;RAINFOREST_RESIN;10002;5;9996;1;9995;24;10004;1;10005;24;;;10003.0;0.0
-1;15800;KELP;2025;1;2022;22;;;2026;22;;;;;2025.5;28.76953125
-1;15800;RAINFOREST_RESIN;9998;10;9996;2;9995;20;10004;2;10005;20;;;10001.0;0.0
-1;15900;RAINFOREST_RESIN;9996;2;9995;29;;;10000;6;10004;2;10005;29;9998.0;0.0
-1;15900;KELP;2023;31;;;;;2024;6;2025;2;2026;31;2023.5;21.0546875
-1;16000;RAINFOREST_RESIN;9996;2;9995;27;;;10002;6;10004;2;10005;27;9999.0;0.0
-1;16000;KELP;2023;29;;;;;2025;2;2026;29;;;2024.0;22.29296875
-1;16100;KELP;2022;21;;;;;2023;2;2026;21;;;2022.5;33.296875
-1;16100;RAINFOREST_RESIN;9995;21;;;;;10000;2;10002;10;10005;21;9997.5;0.0
-1;16200;KELP;2022;24;;;;;2023;1;2026;24;;;2022.5;30.40234375
-1;16200;RAINFOREST_RESIN;9995;24;;;;;9998;1;10005;24;;;9996.5;0.0
-1;16300;RAINFOREST_RESIN;9996;1;9995;22;;;10004;1;10005;22;;;10000.0;0.0
-1;16300;KELP;2023;2;2022;23;;;2026;23;;;;;2024.5;31.19140625
-1;16400;RAINFOREST_RESIN;9996;2;9995;30;;;10002;3;10004;2;10005;30;9999.0;0.0
-1;16400;KELP;2023;2;2022;30;;;2026;32;;;;;2024.5;26.1171875
-1;16500;KELP;2023;2;2022;21;;;2026;23;;;;;2024.5;25.546875
-1;16500;RAINFOREST_RESIN;9996;2;9995;21;;;10002;7;10004;2;10005;21;9999.0;0.0
-1;16600;KELP;2022;30;;;;;2023;1;2026;30;;;2022.5;28.08203125
-1;16600;RAINFOREST_RESIN;9998;4;9996;2;9995;28;10004;2;10005;28;;;10001.0;0.0
-1;16700;RAINFOREST_RESIN;10002;1;9995;26;;;10005;26;;;;;10003.5;0.0
-1;16700;KELP;2025;1;2022;26;;;2026;26;;;;;2025.5;25.98828125
-1;16800;RAINFOREST_RESIN;9995;26;;;;;10005;26;;;;;10000.0;0.0
-1;16800;KELP;2022;26;;;;;2026;26;;;;;2024.0;28.74609375
-1;16900;KELP;2023;1;2022;25;;;2026;26;;;;;2024.5;25.7578125
-1;16900;RAINFOREST_RESIN;9996;1;9995;25;;;10004;1;10005;25;;;10000.0;0.0
-1;17000;KELP;2023;29;;;;;2026;29;;;;;2024.5;22.71484375
-1;17000;RAINFOREST_RESIN;9998;9;9995;29;;;10005;29;;;;;10001.5;0.0
-1;17100;KELP;2023;23;;;;;2026;23;;;;;2024.5;20.03515625
-1;17100;RAINFOREST_RESIN;9996;2;9995;21;;;10004;2;10005;21;;;10000.0;0.0
-1;17200;RAINFOREST_RESIN;9998;3;9996;2;9995;22;10004;2;10005;22;;;10001.0;0.0
-1;17200;KELP;2023;24;;;;;2026;24;;;;;2024.5;16.8046875
-1;17300;KELP;2023;25;;;;;2025;6;2026;25;;;2024.0;14.734375
-1;17300;RAINFOREST_RESIN;9996;2;9995;23;;;10002;9;10004;2;10005;23;9999.0;0.0
-1;17400;RAINFOREST_RESIN;10000;6;9998;7;9995;28;10005;28;;;;;10002.5;0.0
-1;17400;KELP;2024;6;2023;28;;;2026;28;;;;;2025.0;9.4140625
-1;17500;KELP;2023;26;;;;;2027;26;;;;;2025.0;8.52734375
-1;17500;RAINFOREST_RESIN;9995;26;;;;;10005;26;;;;;10000.0;0.0
-1;17600;RAINFOREST_RESIN;9998;6;9995;30;;;10005;30;;;;;10001.5;0.0
-1;17600;KELP;2023;30;;;;;2026;30;;;;;2024.5;11.12109375
-1;17700;KELP;2025;1;2023;29;;;2026;29;;;;;2025.5;12.953125
-1;17700;RAINFOREST_RESIN;9996;2;9995;27;;;10004;2;10005;27;;;10000.0;0.0
-1;17800;RAINFOREST_RESIN;9996;2;9995;24;;;10002;5;10004;2;10005;24;9999.0;0.0
-1;17800;KELP;2023;26;;;;;2026;2;2027;24;;;2024.5;9.31640625
-1;17900;KELP;2023;23;;;;;2027;23;;;;;2025.0;8.2890625
-1;17900;RAINFOREST_RESIN;9995;23;;;;;10005;23;;;;;10000.0;0.0
-1;18000;RAINFOREST_RESIN;9996;2;9995;25;;;10004;2;10005;25;;;10000.0;0.0
-1;18000;KELP;2023;27;;;;;2026;27;;;;;2024.5;10.328125
-1;18100;KELP;2023;20;;;;;2027;20;;;;;2025.0;3.3671875
-1;18100;RAINFOREST_RESIN;9995;20;;;;;10005;20;;;;;10000.0;0.0
-1;18200;RAINFOREST_RESIN;9996;1;9995;25;;;10004;1;10005;25;;;10000.0;0.0
-1;18200;KELP;2024;21;;;;;2027;26;;;;;2025.5;-4.13671875
-1;18300;KELP;2023;25;;;;;2027;25;;;;;2025.0;1.22265625
-1;18300;RAINFOREST_RESIN;9996;2;9995;23;;;10004;2;10005;23;;;10000.0;0.0
-1;18400;RAINFOREST_RESIN;9996;2;9995;23;;;10004;2;10005;23;;;10000.0;0.0
-1;18400;KELP;2024;25;;;;;2026;5;2027;25;;;2025.0;-8.58203125
-1;18500;KELP;2024;29;;;;;2025;1;2027;29;;;2024.5;-10.15234375
-1;18500;RAINFOREST_RESIN;9995;29;;;;;10000;2;10005;29;;;9997.5;0.0
-1;18600;RAINFOREST_RESIN;10002;1;9995;20;;;10005;20;;;;;10003.5;0.0
-1;18600;KELP;2024;20;;;;;2026;5;2027;20;;;2025.0;-12.8203125
-1;18700;KELP;2024;22;;;;;2027;22;;;;;2025.5;-13.55859375
-1;18700;RAINFOREST_RESIN;9995;22;;;;;10005;22;;;;;10000.0;0.0
-1;18800;RAINFOREST_RESIN;9996;2;9995;26;;;10004;2;10005;26;;;10000.0;0.0
-1;18800;KELP;2024;28;;;;;2027;28;;;;;2025.5;-7.76171875
-1;18900;KELP;2024;22;;;;;2027;22;;;;;2025.5;-10.31640625
-1;18900;RAINFOREST_RESIN;9998;2;9995;22;;;10005;22;;;;;10001.5;0.0
-1;19000;RAINFOREST_RESIN;9996;2;9995;26;;;10004;2;10005;26;;;10000.0;0.0
-1;19000;KELP;2024;18;;;;;2027;28;;;;;2025.5;-10.828125
-1;19100;KELP;2024;28;;;;;2027;28;;;;;2025.5;-11.5078125
-1;19100;RAINFOREST_RESIN;9996;2;9995;26;;;10004;2;10005;26;;;10000.0;0.0
-1;19200;RAINFOREST_RESIN;9996;1;9995;20;;;9998;1;10004;1;10005;20;9997.0;0.0
-1;19200;KELP;2024;21;;;;;2027;21;;;;;2025.5;-13.09375
-1;19300;KELP;2024;23;;;;;2027;23;;;;;2025.5;-13.4609375
-1;19300;RAINFOREST_RESIN;9996;2;9995;21;;;10004;2;10005;21;;;10000.0;0.0
-1;19400;RAINFOREST_RESIN;9995;26;;;;;10005;26;;;;;10000.0;0.0
-1;19400;KELP;2023;26;;;;;2027;26;;;;;2025.0;-0.375
-1;19500;KELP;2024;23;;;;;2027;23;;;;;2025.5;-7.76171875
-1;19500;RAINFOREST_RESIN;9995;23;;;;;10005;23;;;;;10000.0;0.0
-1;19600;RAINFOREST_RESIN;9996;2;9995;27;;;10004;2;10005;27;;;10000.0;0.0
-1;19600;KELP;2024;2;2023;27;;;2027;29;;;;;2025.5;-0.51171875
-1;19700;KELP;2024;31;;;;;2026;7;2027;32;;;2025.0;-2.828125
-1;19700;RAINFOREST_RESIN;10002;1;9996;2;9995;30;10004;2;10005;30;;;10003.0;0.0
-1;19800;RAINFOREST_RESIN;9996;2;9995;29;;;10004;2;10005;29;;;10000.0;0.0
-1;19800;KELP;2024;31;;;;;2027;31;;;;;2025.5;-5.86328125
-1;19900;KELP;2024;32;;;;;2027;32;;;;;2025.5;-9.1171875
-1;19900;RAINFOREST_RESIN;9996;2;9995;30;;;10004;2;10005;30;;;10000.0;0.0
-1;20000;KELP;2024;2;2023;27;;;2027;27;;;;;2025.5;4.875
-1;20000;RAINFOREST_RESIN;9995;27;;;;;10002;4;10005;27;;;9998.5;0.0
-1;20100;RAINFOREST_RESIN;10002;1;9996;1;9995;30;10004;1;10005;30;;;10003.0;0.0
-1;20100;KELP;2023;31;;;;;2025;4;2027;31;;;2024.0;3.5234375
-1;20200;RAINFOREST_RESIN;9995;29;;;;;9998;1;10005;29;;;9996.5;0.0
-1;20200;KELP;2023;29;;;;;2027;29;;;;;2025.0;6.7421875
-1;20300;KELP;2024;26;;;;;2027;27;;;;;2025.5;-11.01953125
-1;20300;RAINFOREST_RESIN;9995;27;;;;;10005;27;;;;;10000.0;0.0
-1;20400;KELP;2024;30;;;;;2025;4;2027;29;;;2024.5;-3.9765625
-1;20400;RAINFOREST_RESIN;9996;1;9995;28;;;10000;4;10004;1;10005;28;9998.0;0.0
-1;20500;RAINFOREST_RESIN;10000;3;9996;2;9995;30;10004;2;10005;30;;;10002.0;0.0
-1;20500;KELP;2025;4;2024;7;2023;30;2027;32;;;;;2026.0;0.453125
-1;20600;RAINFOREST_RESIN;9996;2;9995;26;;;10004;2;10005;26;;;10000.0;0.0
-1;20600;KELP;2023;28;;;;;2027;28;;;;;2025.0;1.171875
-1;20700;KELP;2025;6;2023;22;;;2027;22;;;;;2026.0;0.25
-1;20700;RAINFOREST_RESIN;10002;1;10000;6;9998;4;10005;22;;;;;10003.5;0.0
-1;20800;KELP;2024;2;2023;22;;;2027;24;;;;;2025.5;-0.0546875
-1;20800;RAINFOREST_RESIN;9996;2;9995;22;;;10004;2;10005;22;;;10000.0;0.0
-1;20900;RAINFOREST_RESIN;9995;23;;;;;10005;23;;;;;10000.0;0.0
-1;20900;KELP;2026;1;2023;23;;;2027;23;;;;;2026.5;-1.17578125
-1;21000;RAINFOREST_RESIN;9996;2;9995;26;;;10004;2;10005;26;;;10000.0;0.0
-1;21000;KELP;2024;28;;;;;2027;28;;;;;2025.5;-2.375
-1;21100;KELP;2024;2;2023;22;;;2027;24;;;;;2025.5;-0.140625
-1;21100;RAINFOREST_RESIN;9996;2;9995;22;;;10004;2;10005;22;;;10000.0;0.0
-1;21200;KELP;2024;22;;;;;2027;22;;;;;2025.5;-3.7265625
-1;21200;RAINFOREST_RESIN;9995;22;;;;;9998;1;10005;22;;;9996.5;0.0
-1;21300;RAINFOREST_RESIN;9996;1;9995;29;;;10002;7;10004;1;10005;29;9999.0;0.0
-1;21300;KELP;2024;1;2023;29;;;2027;30;;;;;2025.5;-0.828125
-1;21400;RAINFOREST_RESIN;9995;28;;;;;10005;28;;;;;10000.0;0.0
-1;21400;KELP;2024;28;;;;;2027;28;;;;;2025.5;-3.42578125
-1;21500;KELP;2026;4;2024;21;;;2027;21;;;;;2026.5;-13.40234375
-1;21500;RAINFOREST_RESIN;9996;1;9995;20;;;10004;1;10005;20;;;10000.0;0.0
-1;21600;KELP;2024;27;;;;;2027;2;2028;25;;;2025.5;-16.51953125
-1;21600;RAINFOREST_RESIN;10002;12;9996;2;9995;25;10004;2;10005;25;;;10003.0;0.0
-1;21700;RAINFOREST_RESIN;9998;8;9996;2;9995;29;10004;2;10005;29;;;10001.0;0.0
-1;21700;KELP;2024;31;;;;;2027;31;;;;;2025.5;-14.28125
-1;21800;RAINFOREST_RESIN;9996;2;9995;22;;;10004;2;10005;22;;;10000.0;0.0
-1;21800;KELP;2024;24;;;;;2028;24;;;;;2026.0;-17.9140625
-1;21900;KELP;2024;22;;;;;2028;22;;;;;2026.0;-19.2890625
-1;21900;RAINFOREST_RESIN;10002;3;9996;1;9995;21;10004;1;10005;21;;;10003.0;0.0
-1;22000;KELP;2024;21;;;;;2028;21;;;;;2026.0;-14.9296875
-1;22000;RAINFOREST_RESIN;9995;21;;;;;10005;21;;;;;10000.0;0.0
-1;22100;RAINFOREST_RESIN;9996;2;9995;22;;;10002;7;10004;2;10005;22;9999.0;0.0
-1;22100;KELP;2024;23;;;;;2027;24;;;;;2025.5;-4.421875
-1;22200;RAINFOREST_RESIN;9998;6;9996;1;9995;20;10004;1;10005;20;;;10001.0;0.0
-1;22200;KELP;2024;21;;;;;2027;21;;;;;2025.5;2.0625
-1;22300;KELP;2023;29;;;;;2026;1;2027;28;;;2024.5;18.7578125
-1;22300;RAINFOREST_RESIN;9996;1;9995;28;;;10004;1;10005;28;;;10000.0;0.0
-1;22400;KELP;2023;29;;;;;2026;29;;;;;2024.5;20.1875
-1;22400;RAINFOREST_RESIN;9996;2;9995;27;;;9998;1;10004;2;10005;27;9997.0;0.0
-1;22500;RAINFOREST_RESIN;9996;2;9995;29;;;10004;2;10005;29;;;10000.0;0.0
-1;22500;KELP;2023;31;;;;;2026;31;;;;;2024.5;27.6171875
-1;22600;RAINFOREST_RESIN;10000;6;9998;6;9996;2;10004;2;10005;20;;;10002.0;0.0
-1;22600;KELP;2024;6;2023;26;;;2026;22;;;;;2025.0;36.015625
-1;22700;KELP;2023;25;;;;;2026;26;;;;;2024.5;37.5625
-1;22700;RAINFOREST_RESIN;9996;2;9995;24;;;10004;2;10005;24;;;10000.0;0.0
-1;22800;KELP;2023;27;;;;;2026;28;;;;;2024.5;46.15625
-1;22800;RAINFOREST_RESIN;9996;1;9995;27;;;9998;2;10004;1;10005;27;9997.0;0.0
-1;22900;RAINFOREST_RESIN;9996;2;9995;30;;;10002;8;10004;2;10005;30;9999.0;0.0
-1;22900;KELP;2023;2;2022;30;;;2026;32;;;;;2024.5;48.4140625
-1;23000;RAINFOREST_RESIN;9996;1;9995;21;;;10004;1;10005;21;;;10000.0;0.0
-1;23000;KELP;2022;22;;;;;2026;22;;;;;2024.0;54.3828125
-1;23100;KELP;2023;23;;;;;2026;23;;;;;2024.5;42.6796875
-1;23100;RAINFOREST_RESIN;9998;8;9995;23;;;10005;23;;;;;10001.5;0.0
-1;23200;KELP;2023;2;2022;29;;;2024;3;2026;31;;;2023.5;47.7109375
-1;23200;RAINFOREST_RESIN;9998;5;9996;2;9995;29;10004;2;10005;29;;;10001.0;0.0
-1;23300;RAINFOREST_RESIN;9996;1;9995;29;;;10004;1;10005;29;;;10000.0;0.0
-1;23300;KELP;2023;30;;;;;2026;30;;;;;2024.5;40.140625
-1;23400;RAINFOREST_RESIN;9996;1;9995;29;;;10004;1;10005;29;;;10000.0;0.0
-1;23400;KELP;2023;30;;;;;2026;30;;;;;2024.5;39.65625
-1;23500;KELP;2023;29;;;;;2025;4;2026;30;;;2024.0;40.046875
-1;23500;RAINFOREST_RESIN;9998;8;9996;2;9995;28;10004;2;10005;28;;;10001.0;0.0
-1;23600;KELP;2022;27;;;;;2026;27;;;;;2024.0;47.625
-1;23600;RAINFOREST_RESIN;9995;27;;;;;10005;27;;;;;10000.0;0.0
-1;23700;RAINFOREST_RESIN;10002;1;9996;2;9995;21;10004;2;10005;21;;;10003.0;0.0
-1;23700;KELP;2023;2;2022;21;;;2025;7;2026;23;;;2024.0;47.1015625
-1;23800;RAINFOREST_RESIN;9995;30;;;;;10005;30;;;;;10000.0;0.0
-1;23800;KELP;2024;1;2022;30;;;2026;30;;;;;2025.0;61.3671875
-1;23900;KELP;2025;1;2023;1;2022;30;2026;30;;;;;2025.5;51.3359375
-1;23900;RAINFOREST_RESIN;9995;30;;;;;10005;30;;;;;10000.0;0.0
-1;24000;KELP;2022;29;;;;;2026;29;;;;;2024.0;51.59375
-1;24000;RAINFOREST_RESIN;9998;9;9995;29;;;10005;29;;;;;10001.5;0.0
-1;24100;RAINFOREST_RESIN;9996;1;9995;25;;;10004;1;10005;25;;;10000.0;0.0
-1;24100;KELP;2023;1;2022;25;;;2025;3;2026;26;;;2024.0;46.7890625
-1;24200;RAINFOREST_RESIN;9996;2;9995;28;;;10002;6;10004;2;10005;28;9999.0;0.0
-1;24200;KELP;2023;30;;;;;2026;30;;;;;2024.5;40.1953125
-1;24300;KELP;2023;26;;;;;2026;26;;;;;2024.5;39.15625
-1;24300;RAINFOREST_RESIN;9996;2;9995;24;;;10002;1;10004;2;10005;24;9999.0;0.0
-1;24400;KELP;2025;1;2023;22;;;2026;22;;;;;2025.5;44.640625
-1;24400;RAINFOREST_RESIN;10002;1;9998;4;9996;1;10004;1;10005;21;;;10003.0;0.0
-1;24500;RAINFOREST_RESIN;10002;1;9996;1;9995;25;10004;1;10005;25;;;10003.0;0.0
-1;24500;KELP;2022;26;;;;;2026;26;;;;;2024.0;55.078125
-1;24600;RAINFOREST_RESIN;9995;24;;;;;9998;2;10005;24;;;9996.5;0.0
-1;24600;KELP;2022;24;;;;;2024;2;2026;24;;;2023.0;50.359375
-1;24700;KELP;2023;25;;;;;2026;25;;;;;2024.5;44.703125
-1;24700;RAINFOREST_RESIN;9995;25;;;;;10005;25;;;;;10000.0;0.0
-1;24800;KELP;2022;23;;;;;2026;23;;;;;2024.0;55.84375
-1;24800;RAINFOREST_RESIN;9995;23;;;;;10005;23;;;;;10000.0;0.0
-1;24900;RAINFOREST_RESIN;10002;1;9996;1;9995;22;10004;1;10005;22;;;10003.0;0.0
-1;24900;KELP;2024;4;2022;23;;;2026;23;;;;;2025.0;53.3671875
-1;25000;RAINFOREST_RESIN;9995;23;;;;;10005;23;;;;;10000.0;0.0
-1;25000;KELP;2023;23;;;;;2026;23;;;;;2024.5;45.703125
-1;25100;KELP;2022;25;;;;;2024;4;2026;25;;;2023.0;51.7109375
-1;25100;RAINFOREST_RESIN;10002;1;9995;25;;;10005;25;;;;;10003.5;0.0
-1;25200;KELP;2023;1;2022;24;;;2025;3;2026;25;;;2024.0;50.0
-1;25200;RAINFOREST_RESIN;9996;1;9995;24;;;9998;5;10004;1;10005;24;9997.0;0.0
-1;25300;RAINFOREST_RESIN;9996;2;9995;22;;;10004;2;10005;22;;;10000.0;0.0
-1;25300;KELP;2023;4;2022;22;;;2026;24;;;;;2024.5;50.0546875
-1;25400;RAINFOREST_RESIN;9996;1;9995;29;;;10004;1;10005;29;;;10000.0;0.0
-1;25400;KELP;2025;8;2023;30;;;2026;30;;;;;2025.5;47.375
-1;25500;KELP;2022;21;;;;;2025;21;;;;;2023.5;71.1328125
-1;25500;RAINFOREST_RESIN;9996;1;9995;20;;;9998;6;10002;9;10004;1;9997.0;0.0
-1;25600;KELP;2023;31;;;;;2026;23;;;;;2024.5;46.6484375
-1;25600;RAINFOREST_RESIN;9996;1;9995;22;;;10002;7;10004;1;10005;22;9999.0;0.0
-1;25700;RAINFOREST_RESIN;9996;2;9995;30;;;10004;2;10005;30;;;10000.0;0.0
-1;25700;KELP;2023;32;;;;;2025;6;2026;32;;;2024.0;40.8203125
-1;25800;RAINFOREST_RESIN;10002;4;9995;24;;;10005;24;;;;;10003.5;0.0
-1;25800;KELP;2023;23;;;;;2026;24;;;;;2024.5;33.703125
-1;25900;KELP;2023;25;;;;;2026;25;;;;;2024.5;43.203125
-1;25900;RAINFOREST_RESIN;9996;2;9995;23;;;10004;2;10005;23;;;10000.0;0.0
-1;26000;RAINFOREST_RESIN;9996;2;9995;27;;;10004;2;10005;27;;;10000.0;0.0
-1;26000;KELP;2023;22;;;;;2026;29;;;;;2024.5;48.765625
-1;26100;KELP;2023;20;;;;;2026;20;;;;;2024.5;42.34375
-1;26100;RAINFOREST_RESIN;9998;7;9995;20;;;10005;20;;;;;10001.5;0.0
-1;26200;RAINFOREST_RESIN;9996;1;9995;22;;;10004;1;10005;22;;;10000.0;0.0
-1;26200;KELP;2023;23;;;;;2026;23;;;;;2024.5;40.6015625
-1;26300;KELP;2023;30;;;;;2026;30;;;;;2024.5;42.3203125
-1;26300;RAINFOREST_RESIN;9996;1;9995;29;;;9998;1;10004;1;10005;29;9997.0;0.0
-1;26400;RAINFOREST_RESIN;9995;22;;;;;10005;22;;;;;10000.0;0.0
-1;26400;KELP;2023;27;;;;;2026;22;;;;;2024.5;45.609375
-1;26500;KELP;2023;24;;;;;2026;24;;;;;2024.5;46.375
-1;26500;RAINFOREST_RESIN;9996;1;9995;23;;;10004;1;10005;23;;;10000.0;0.0
-1;26600;RAINFOREST_RESIN;9996;2;9995;28;;;9998;1;10004;2;10005;28;9997.0;0.0
-1;26600;KELP;2023;36;;;;;2026;30;;;;;2024.5;42.8828125
-1;26700;KELP;2023;24;;;;;2025;6;2026;24;;;2024.0;43.34375
-1;26700;RAINFOREST_RESIN;9998;2;9996;1;9995;23;10004;1;10005;23;;;10001.0;0.0
-1;26800;RAINFOREST_RESIN;9996;2;9995;28;;;10004;2;10005;28;;;10000.0;0.0
-1;26800;KELP;2025;1;2023;30;;;2026;30;;;;;2025.5;44.640625
-1;26900;KELP;2023;29;;;;;2026;30;;;;;2024.5;45.4375
-1;26900;RAINFOREST_RESIN;10002;1;9995;30;;;10005;30;;;;;10003.5;0.0
-1;27000;RAINFOREST_RESIN;9995;28;;;;;10002;1;10005;28;;;9998.5;0.0
-1;27000;KELP;2023;30;;;;;2026;28;;;;;2024.5;44.96875
-1;27100;KELP;2023;27;;;;;2026;24;;;;;2024.5;41.2109375
-1;27100;RAINFOREST_RESIN;9995;24;;;;;10005;24;;;;;10000.0;0.0
-1;27200;RAINFOREST_RESIN;9998;2;9995;21;;;10005;21;;;;;10001.5;0.0
-1;27200;KELP;2023;21;;;;;2025;2;2026;21;;;2024.0;42.9375
-1;27300;KELP;2025;1;2023;31;;;2026;31;;;;;2025.5;41.6875
-1;27300;RAINFOREST_RESIN;9996;2;9995;29;;;10004;2;10005;29;;;10000.0;0.0
-1;27400;RAINFOREST_RESIN;9995;21;;;;;10005;21;;;;;10000.0;0.0
-1;27400;KELP;2023;21;;;;;2026;21;;;;;2024.5;31.3203125
-1;27500;KELP;2023;23;;;;;2025;6;2026;23;;;2024.0;29.5546875
-1;27500;RAINFOREST_RESIN;9996;1;9995;22;;;10004;1;10005;22;;;10000.0;0.0
-1;27600;RAINFOREST_RESIN;9998;5;9995;24;;;10005;24;;;;;10001.5;0.0
-1;27600;KELP;2023;30;;;;;2026;24;;;;;2024.5;34.484375
-1;27700;KELP;2023;19;;;;;2026;24;;;;;2024.5;32.6640625
-1;27700;RAINFOREST_RESIN;9995;24;;;;;10005;24;;;;;10000.0;0.0
-1;27800;RAINFOREST_RESIN;9998;9;9996;2;9995;26;10004;2;10005;26;;;10001.0;0.0
-1;27800;KELP;2023;28;;;;;2025;3;2026;28;;;2024.0;27.6875
-1;27900;KELP;2025;1;2023;29;;;2026;29;;;;;2025.5;30.5859375
-1;27900;RAINFOREST_RESIN;9996;2;9995;27;;;10002;4;10004;2;10005;27;9999.0;0.0
-1;28000;RAINFOREST_RESIN;9998;2;9995;28;;;10005;28;;;;;10001.5;0.0
-1;28000;KELP;2023;28;;;;;2026;28;;;;;2024.5;26.796875
-1;28100;KELP;2023;26;;;;;2026;26;;;;;2024.5;30.3203125
-1;28100;RAINFOREST_RESIN;9996;2;9995;24;;;10004;2;10005;24;;;10000.0;0.0
-1;28200;RAINFOREST_RESIN;9996;1;9995;25;;;9998;2;10004;1;10005;25;9997.0;0.0
-1;28200;KELP;2023;26;;;;;2025;5;2026;1;2027;25;2024.0;21.34375
-1;28300;KELP;2023;24;;;;;2024;2;2027;24;;;2023.5;18.796875
-1;28300;RAINFOREST_RESIN;9996;1;9995;23;;;10004;1;10005;23;;;10000.0;0.0
-1;28400;RAINFOREST_RESIN;9996;2;9995;23;;;10004;2;10005;23;;;10000.0;0.0
-1;28400;KELP;2023;24;;;;;2027;25;;;;;2025.0;20.546875
-1;28500;KELP;2023;23;;;;;2027;23;;;;;2025.0;15.8984375
-1;28500;RAINFOREST_RESIN;9998;10;9995;23;;;10005;23;;;;;10001.5;0.0
-1;28600;RAINFOREST_RESIN;10002;1;9996;2;9995;21;10004;2;10005;21;;;10003.0;0.0
-1;28600;KELP;2023;23;;;;;2025;8;2027;23;;;2024.0;15.5234375
-1;28700;RAINFOREST_RESIN;9995;30;;;;;10005;30;;;;;10000.0;0.0
-1;28700;KELP;2023;30;;;;;2027;30;;;;;2025.0;12.859375
-1;28800;RAINFOREST_RESIN;9995;27;;;;;10005;27;;;;;10000.0;0.0
-1;28800;KELP;2024;27;;;;;2027;27;;;;;2025.5;5.3046875
-1;28900;KELP;2024;26;;;;;2027;22;;;;;2025.5;-9.28125
-1;28900;RAINFOREST_RESIN;9998;7;9996;1;9995;21;10004;1;10005;21;;;10001.0;0.0
-1;29000;KELP;2024;23;;;;;2027;24;;;;;2025.5;0.703125
-1;29000;RAINFOREST_RESIN;9995;24;;;;;10005;24;;;;;10000.0;0.0
-1;29100;RAINFOREST_RESIN;9996;2;9995;26;;;10004;2;10005;26;;;10000.0;0.0
-1;29100;KELP;2024;31;;;;;2027;28;;;;;2025.5;-3.7578125
-1;29200;RAINFOREST_RESIN;9996;1;9995;30;;;10004;1;10005;30;;;10000.0;0.0
-1;29200;KELP;2026;1;2024;31;;;2027;31;;;;;2026.5;-0.7109375
-1;29300;KELP;2024;32;;;;;2026;2;2027;32;;;2025.0;-1.890625
-1;29300;RAINFOREST_RESIN;9996;2;9995;30;;;10002;3;10004;2;10005;30;9999.0;0.0
-1;29400;KELP;2024;25;;;;;2027;26;;;;;2025.5;-2.8515625
-1;29400;RAINFOREST_RESIN;10002;1;9996;1;9995;25;10004;1;10005;25;;;10003.0;0.0
-1;29500;RAINFOREST_RESIN;9996;2;9995;27;;;10004;2;10005;27;;;10000.0;0.0
-1;29500;KELP;2024;31;;;;;2027;29;;;;;2025.5;-3.6171875
-1;29600;RAINFOREST_RESIN;9996;2;9995;28;;;10004;2;10005;28;;;10000.0;0.0
-1;29600;KELP;2024;2;2023;28;;;2025;3;2027;30;;;2024.5;9.640625
-1;29700;KELP;2024;28;;;;;2027;26;;;;;2025.5;-14.2265625
-1;29700;RAINFOREST_RESIN;9996;1;9995;25;;;10002;4;10004;1;10005;25;9999.0;0.0
-1;29800;KELP;2024;31;;;;;2026;1;2027;1;2028;30;2025.0;-17.8046875
-1;29800;RAINFOREST_RESIN;9998;6;9996;1;9995;30;10004;1;10005;30;;;10001.0;0.0
-1;29900;RAINFOREST_RESIN;9995;21;;;;;10005;21;;;;;10000.0;0.0
-1;29900;KELP;2025;8;2024;21;;;2028;21;;;;;2026.5;-20.3671875
-1;30000;RAINFOREST_RESIN;9998;3;9996;1;9995;30;10004;1;10005;30;;;10001.0;0.0
-1;30000;KELP;2024;31;;;;;2028;31;;;;;2026.0;-24.4140625
-1;30100;KELP;2024;30;;;;;2027;30;;;;;2025.5;-13.296875
-1;30100;RAINFOREST_RESIN;9996;2;9995;28;;;10004;2;10005;28;;;10000.0;0.0
-1;30200;KELP;2024;22;;;;;2027;22;;;;;2025.5;-16.5234375
-1;30200;RAINFOREST_RESIN;9996;2;9995;20;;;10004;2;10005;20;;;10000.0;0.0
-1;30300;RAINFOREST_RESIN;9996;2;9995;29;;;10002;9;10004;2;10005;29;9999.0;0.0
-1;30300;KELP;2026;1;2024;31;;;2027;31;;;;;2026.5;-8.09375
-1;30400;RAINFOREST_RESIN;10000;5;9996;2;9995;29;10002;8;10004;2;10005;29;10001.0;0.0
-1;30400;KELP;2025;5;2024;31;;;2027;31;;;;;2026.0;-0.5703125
-1;30500;KELP;2024;22;;;;;2027;22;;;;;2025.5;12.109375
-1;30500;RAINFOREST_RESIN;9998;5;9996;2;9995;20;10004;2;10005;20;;;10001.0;0.0
-1;30600;KELP;2024;1;2023;20;;;2027;22;;;;;2025.5;15.2265625
-1;30600;RAINFOREST_RESIN;9996;2;9995;20;;;10002;4;10004;2;10005;20;9999.0;0.0
-1;30700;RAINFOREST_RESIN;9995;30;;;;;10005;30;;;;;10000.0;0.0
-1;30700;KELP;2024;30;;;;;2027;30;;;;;2025.5;12.09375
-1;30800;RAINFOREST_RESIN;9996;1;9995;30;;;10004;1;10005;30;;;10000.0;0.0
-1;30800;KELP;2024;4;2023;30;;;2027;31;;;;;2025.5;14.1171875
-1;30900;KELP;2023;30;;;;;2025;7;2026;30;;;2024.0;42.90625
-1;30900;RAINFOREST_RESIN;9996;2;9995;28;;;10002;6;10004;2;10005;28;9999.0;0.0
-1;31000;KELP;2024;4;2023;30;;;2026;23;;;;;2025.0;39.25
-1;31000;RAINFOREST_RESIN;10000;4;9996;1;9995;22;10004;1;10005;22;;;10002.0;0.0
-1;31100;RAINFOREST_RESIN;9996;2;9995;27;;;10004;2;10005;27;;;10000.0;0.0
-1;31100;KELP;2023;29;;;;;2026;2;2027;27;;;2024.5;34.1328125
-1;31200;RAINFOREST_RESIN;9996;2;9995;29;;;10002;6;10004;2;10005;29;9999.0;0.0
-1;31200;KELP;2023;31;;;;;2026;31;;;;;2024.5;35.75
-1;31300;KELP;2023;24;;;;;2026;24;;;;;2024.5;37.1484375
-1;31300;RAINFOREST_RESIN;9996;1;9995;23;;;10004;1;10005;23;;;10000.0;0.0
-1;31400;KELP;2023;26;;;;;2026;26;;;;;2024.5;54.2421875
-1;31400;RAINFOREST_RESIN;9995;26;;;;;9998;1;10005;26;;;9996.5;0.0
-1;31500;RAINFOREST_RESIN;9995;30;;;;;10005;30;;;;;10000.0;0.0
-1;31500;KELP;2023;35;;;;;2026;30;;;;;2024.5;51.9921875
-1;31600;RAINFOREST_RESIN;9995;27;;;;;10005;27;;;;;10000.0;0.0
-1;31600;KELP;2025;1;2023;27;;;2026;27;;;;;2025.5;48.53125
-1;31700;KELP;2023;24;;;;;2025;3;2026;24;;;2024.0;47.7265625
-1;31700;RAINFOREST_RESIN;9996;2;9995;22;;;10004;2;10005;22;;;10000.0;0.0
-1;31800;KELP;2024;6;2023;26;;;2026;1;2027;25;;;2025.0;41.6875
-1;31800;RAINFOREST_RESIN;10000;6;9996;1;9995;25;10004;1;10005;25;;;10002.0;0.0
-1;31900;RAINFOREST_RESIN;9998;3;9995;28;;;10005;28;;;;;10001.5;0.0
-1;31900;KELP;2024;4;2023;28;;;2027;28;;;;;2025.5;41.1875
-1;32000;RAINFOREST_RESIN;9996;1;9995;24;;;10004;1;10005;24;;;10000.0;0.0
-1;32000;KELP;2024;2;2023;25;;;2026;1;2027;24;;;2025.0;43.3515625
-1;32100;KELP;2023;29;;;;;2026;29;;;;;2024.5;55.3046875
-1;32100;RAINFOREST_RESIN;9996;1;9995;28;;;10004;1;10005;28;;;10000.0;0.0
-1;32200;KELP;2023;28;;;;;2027;28;;;;;2025.0;38.984375
-1;32200;RAINFOREST_RESIN;9996;1;9995;27;;;10004;1;10005;27;;;10000.0;0.0
-1;32300;RAINFOREST_RESIN;9995;25;;;;;10005;25;;;;;10000.0;0.0
-1;32300;KELP;2023;25;;;;;2026;25;;;;;2024.5;49.5859375
-1;32400;RAINFOREST_RESIN;9996;1;9995;30;;;10004;1;10005;30;;;10000.0;0.0
-1;32400;KELP;2023;30;;;;;2026;1;2027;30;;;2024.5;43.9765625
-1;32500;KELP;2023;21;;;;;2025;5;2027;22;;;2024.0;39.15625
-1;32500;RAINFOREST_RESIN;9998;1;9996;1;9995;21;10004;1;10005;21;;;10001.0;0.0
-1;32600;KELP;2023;30;;;;;2027;30;;;;;2025.0;36.859375
-1;32600;RAINFOREST_RESIN;10002;1;9995;30;;;10005;30;;;;;10003.5;0.0
-1;32700;RAINFOREST_RESIN;9996;2;9995;22;;;10004;2;10005;22;;;10000.0;0.0
-1;32700;KELP;2023;24;;;;;2026;2;2027;22;;;2024.5;43.578125
-1;32800;RAINFOREST_RESIN;9996;2;9995;28;;;10004;2;10005;28;;;10000.0;0.0
-1;32800;KELP;2023;30;;;;;2026;2;2027;28;;;2024.5;44.453125
-1;32900;KELP;2023;29;;;;;2026;2;2027;27;;;2024.5;47.2109375
-1;32900;RAINFOREST_RESIN;9996;2;9995;27;;;10004;2;10005;27;;;10000.0;0.0
-1;33000;KELP;2025;1;2023;30;;;2026;30;;;;;2025.5;51.5078125
-1;33000;RAINFOREST_RESIN;9996;2;9995;28;;;10004;2;10005;28;;;10000.0;0.0
-1;33100;RAINFOREST_RESIN;9996;1;9995;28;;;10004;1;10005;28;;;10000.0;0.0
-1;33100;KELP;2023;28;;;;;2025;3;2026;29;;;2024.0;51.0625
-1;33200;RAINFOREST_RESIN;9996;1;9995;20;;;10002;7;10004;1;10005;20;9999.0;0.0
-1;33200;KELP;2023;20;;;;;2024;10;2026;1;2027;20;2023.5;44.0078125
-1;33300;KELP;2024;1;2023;20;;;2027;21;;;;;2025.5;31.5234375
-1;33300;RAINFOREST_RESIN;9996;1;9995;20;;;10004;1;10005;20;;;10000.0;0.0
-1;33400;KELP;2023;32;;;;;2027;32;;;;;2025.0;36.3984375
-1;33400;RAINFOREST_RESIN;9996;2;9995;30;;;10002;3;10004;2;10005;30;9999.0;0.0
-1;33500;RAINFOREST_RESIN;9996;1;9995;20;;;10004;1;10005;20;;;10000.0;0.0
-1;33500;KELP;2023;21;;;;;2026;21;;;;;2024.5;54.0234375
-1;33600;RAINFOREST_RESIN;10002;6;9995;27;;;10005;27;;;;;10003.5;0.0
-1;33600;KELP;2023;27;;;;;2026;27;;;;;2024.5;57.0703125
-1;33700;KELP;2023;32;;;;;2026;28;;;;;2024.5;61.15625
-1;33700;RAINFOREST_RESIN;9996;1;9995;27;;;10002;1;10004;1;10005;27;9999.0;0.0
-1;33800;KELP;2024;3;2023;31;;;2026;26;;;;;2025.0;67.34375
-1;33800;RAINFOREST_RESIN;9996;1;9995;25;;;10004;1;10005;25;;;10000.0;0.0
-1;33900;RAINFOREST_RESIN;9995;24;;;;;10005;24;;;;;10000.0;0.0
-1;33900;KELP;2023;24;;;;;2026;24;;;;;2024.5;61.15625
-1;34000;RAINFOREST_RESIN;10002;1;9995;30;;;10005;30;;;;;10003.5;0.0
-1;34000;KELP;2023;29;;;;;2025;8;2026;30;;;2024.0;59.1875
-1;34100;KELP;2023;25;;;;;2026;23;;;;;2024.5;64.7109375
-1;34100;RAINFOREST_RESIN;9996;1;9995;22;;;10004;1;10005;22;;;10000.0;0.0
-1;34200;KELP;2022;23;;;;;2024;1;2026;23;;;2023.0;78.546875
-1;34200;RAINFOREST_RESIN;9995;23;;;;;10005;23;;;;;10000.0;0.0
-1;34300;RAINFOREST_RESIN;10002;1;9996;1;9995;22;10004;1;10005;22;;;10003.0;0.0
-1;34300;KELP;2022;23;;;;;2026;23;;;;;2024.0;83.0390625
-1;34400;RAINFOREST_RESIN;9996;2;9995;23;;;10004;2;10005;23;;;10000.0;0.0
-1;34400;KELP;2023;3;2022;25;;;2025;2;2026;23;;;2024.0;83.921875
-1;34500;KELP;2022;30;;;;;2023;5;2024;1;2026;30;2022.5;83.6015625
-1;34500;RAINFOREST_RESIN;9995;30;;;;;10005;30;;;;;10000.0;0.0
-1;34600;KELP;2022;29;;;;;2023;1;2026;29;;;2022.5;75.859375
-1;34600;RAINFOREST_RESIN;9995;29;;;;;10005;29;;;;;10000.0;0.0
-1;34700;RAINFOREST_RESIN;9998;6;9995;24;;;10005;24;;;;;10001.5;0.0
-1;34700;KELP;2023;24;;;;;2026;24;;;;;2024.5;70.078125
-1;34800;RAINFOREST_RESIN;9996;2;9995;23;;;10004;2;10005;23;;;10000.0;0.0
-1;34800;KELP;2023;2;2022;23;;;2026;25;;;;;2024.5;74.0234375
-1;34900;KELP;2023;21;;;;;2026;21;;;;;2024.5;69.140625
-1;34900;RAINFOREST_RESIN;9996;1;9995;20;;;10004;1;10005;20;;;10000.0;0.0
-1;35000;RAINFOREST_RESIN;10002;1;9995;20;;;10005;20;;;;;10003.5;0.0
-1;35000;KELP;2025;1;2023;20;;;2026;20;;;;;2025.5;47.6015625
-1;35100;KELP;2023;31;;;;;2026;31;;;;;2024.5;59.40625
-1;35100;RAINFOREST_RESIN;10002;3;9996;2;9995;29;10004;2;10005;29;;;10003.0;0.0
-1;35200;RAINFOREST_RESIN;9996;2;9995;28;;;10002;10;10004;2;10005;28;9999.0;0.0
-1;35200;KELP;2023;33;;;;;2026;30;;;;;2024.5;52.609375
-1;35300;KELP;2023;20;;;;;2026;28;;;;;2024.5;66.0
-1;35300;RAINFOREST_RESIN;9998;6;9996;1;9995;27;10004;1;10005;27;;;10001.0;0.0
-1;35400;RAINFOREST_RESIN;10002;3;9995;25;;;10005;25;;;;;10003.5;0.0
-1;35400;KELP;2025;1;2023;27;;;2026;25;;;;;2025.5;67.65625
-1;35500;KELP;2023;28;;;;;2026;28;;;;;2024.5;66.0546875
-1;35500;RAINFOREST_RESIN;9996;2;9995;26;;;10004;2;10005;26;;;10000.0;0.0
-1;35600;RAINFOREST_RESIN;9995;26;;;;;10005;26;;;;;10000.0;0.0
-1;35600;KELP;2023;26;;;;;2026;26;;;;;2024.5;68.9453125
-1;35700;KELP;2023;29;;;;;2026;29;;;;;2024.5;64.859375
-1;35700;RAINFOREST_RESIN;9996;2;9995;27;;;10004;2;10005;27;;;10000.0;0.0
-1;35800;RAINFOREST_RESIN;9998;7;9996;1;9995;30;10004;1;10005;30;;;10001.0;0.0
-1;35800;KELP;2023;29;;;;;2026;31;;;;;2024.5;65.6953125
-1;35900;KELP;2023;2;2022;21;;;2026;23;;;;;2024.5;73.5078125
-1;35900;RAINFOREST_RESIN;9996;2;9995;21;;;10004;2;10005;21;;;10000.0;0.0
-1;36000;RAINFOREST_RESIN;9995;30;;;;;10002;5;10005;30;;;9998.5;0.0
-1;36000;KELP;2022;30;;;;;2024;3;2026;30;;;2023.0;73.3359375
-1;36100;KELP;2022;26;;;;;2025;2;2026;24;;;2023.5;84.4609375
-1;36100;RAINFOREST_RESIN;10002;8;9996;2;9995;24;10004;2;10005;24;;;10003.0;0.0
-1;36200;RAINFOREST_RESIN;9996;1;9995;29;;;9998;1;10004;1;10005;29;9997.0;0.0
-1;36200;KELP;2022;30;;;;;2025;1;2026;29;;;2023.5;84.109375
-1;36300;KELP;2022;22;;;;;2024;6;2025;22;;;2023.0;87.890625
-1;36300;RAINFOREST_RESIN;9996;1;9995;21;;;10004;1;10005;21;;;10000.0;0.0
-1;36400;RAINFOREST_RESIN;9998;1;9996;1;9995;20;10004;1;10005;20;;;10001.0;0.0
-1;36400;KELP;2024;1;2023;3;2022;21;2025;1;2026;20;;;2024.5;86.2734375
-1;36500;KELP;2022;25;;;;;2023;2;2025;25;;;2022.5;93.1953125
-1;36500;RAINFOREST_RESIN;9995;25;;;;;10005;25;;;;;10000.0;0.0
-1;36600;RAINFOREST_RESIN;9996;1;9995;28;;;10004;1;10005;28;;;10000.0;0.0
-1;36600;KELP;2022;29;;;;;2025;29;;;;;2023.5;88.8359375
-1;36700;KELP;2021;21;;;;;2025;21;;;;;2023.0;124.140625
-1;36700;RAINFOREST_RESIN;9995;21;;;;;10005;21;;;;;10000.0;0.0
-1;36800;RAINFOREST_RESIN;9995;30;;;;;10005;30;;;;;10000.0;0.0
-1;36800;KELP;2021;30;;;;;2025;30;;;;;2023.0;121.09375
-1;36900;KELP;2021;27;;;;;2024;27;;;;;2022.5;146.2734375
-1;36900;RAINFOREST_RESIN;9996;1;9995;26;;;10004;1;10005;26;;;10000.0;0.0
-1;37000;RAINFOREST_RESIN;9996;2;9995;23;;;10004;2;10005;23;;;10000.0;0.0
-1;37000;KELP;2020;25;;;;;2024;25;;;;;2022.0;161.4921875
-1;37100;KELP;2021;27;;;;;2024;23;;;;;2022.5;136.0234375
-1;37100;RAINFOREST_RESIN;9996;2;9995;21;;;10004;2;10005;21;;;10000.0;0.0
-1;37200;RAINFOREST_RESIN;9996;1;9995;20;;;10004;1;10005;20;;;10000.0;0.0
-1;37200;KELP;2021;25;;;;;2024;21;;;;;2022.5;138.484375
-1;37300;KELP;2022;4;2021;28;;;2024;1;2025;27;;;2023.0;126.53125
-1;37300;RAINFOREST_RESIN;9996;1;9995;27;;;9998;10;10002;4;10004;1;9997.0;0.0
-1;37400;RAINFOREST_RESIN;10002;1;9998;2;9995;30;10005;30;;;;;10003.5;0.0
-1;37400;KELP;2021;30;;;;;2024;30;;;;;2022.5;130.5
-1;37500;KELP;2020;27;;;;;2024;27;;;;;2022.0;158.984375
-1;37500;RAINFOREST_RESIN;9996;2;9995;25;;;10004;2;10005;25;;;10000.0;0.0
-1;37600;KELP;2020;22;;;;;2024;22;;;;;2022.0;165.5546875
-1;37600;RAINFOREST_RESIN;9995;22;;;;;10002;7;10005;22;;;9998.5;0.0
-1;37700;RAINFOREST_RESIN;9996;1;9995;23;;;10004;1;10005;23;;;10000.0;0.0
-1;37700;KELP;2020;24;;;;;2024;24;;;;;2022.0;163.953125
-1;37800;RAINFOREST_RESIN;9995;25;;;;;10005;25;;;;;10000.0;0.0
-1;37800;KELP;2020;24;;;;;2024;25;;;;;2022.0;167.796875
-1;37900;KELP;2019;25;;;;;2023;25;;;;;2021.0;199.1796875
-1;37900;RAINFOREST_RESIN;9995;25;;;;;10005;25;;;;;10000.0;0.0
-1;38000;KELP;2019;32;;;;;2021;4;2023;32;;;2020.0;199.515625
-1;38000;RAINFOREST_RESIN;10002;1;9996;2;9995;30;10004;2;10005;30;;;10003.0;0.0
-1;38100;RAINFOREST_RESIN;9996;2;9995;26;;;10002;2;10004;2;10005;26;9999.0;0.0
-1;38100;KELP;2019;28;;;;;2022;2;2023;26;;;2020.5;205.171875
-1;38200;RAINFOREST_RESIN;9996;1;9995;27;;;10004;1;10005;27;;;10000.0;0.0
-1;38200;KELP;2019;28;;;;;2023;28;;;;;2021.0;195.1484375
-1;38300;KELP;2019;26;;;;;2022;26;;;;;2020.5;209.1796875
-1;38300;RAINFOREST_RESIN;9998;5;9995;26;;;10005;26;;;;;10001.5;0.0
-1;38400;KELP;2019;24;;;;;2020;6;2022;24;;;2019.5;210.8515625
-1;38400;RAINFOREST_RESIN;9996;1;9995;23;;;10000;6;10004;1;10005;23;9998.0;0.0
-1;38500;RAINFOREST_RESIN;10002;1;9995;21;;;10005;21;;;;;10003.5;0.0
-1;38500;KELP;2019;21;;;;;2022;21;;;;;2020.5;216.2421875
-1;38600;RAINFOREST_RESIN;9996;2;9995;28;;;10004;2;10005;28;;;10000.0;0.0
-1;38600;KELP;2019;30;;;;;2022;30;;;;;2020.5;214.1796875
-1;38700;KELP;2019;20;;;;;2022;20;;;;;2020.5;212.4765625
-1;38700;RAINFOREST_RESIN;9995;20;;;;;10005;20;;;;;10000.0;0.0
-1;38800;KELP;2019;21;;;;;2020;2;2021;1;2022;21;2019.5;212.3828125
-1;38800;RAINFOREST_RESIN;9996;1;9995;20;;;10002;1;10004;1;10005;20;9999.0;0.0
-1;38900;RAINFOREST_RESIN;9996;2;9995;30;;;10004;2;10005;30;;;10000.0;0.0
-1;38900;KELP;2019;32;;;;;2021;7;2022;2;2023;30;2020.0;206.8671875
-1;39000;RAINFOREST_RESIN;9995;23;;;;;10002;9;10005;23;;;9998.5;0.0
-1;39000;KELP;2019;23;;;;;2023;23;;;;;2021.0;199.1640625
-1;39100;KELP;2020;25;;;;;2023;25;;;;;2021.5;181.3203125
-1;39100;RAINFOREST_RESIN;9998;8;9996;1;9995;24;10004;1;10005;24;;;10001.0;0.0
-1;39200;KELP;2020;30;;;;;2022;2;2023;30;;;2021.0;177.2265625
-1;39200;RAINFOREST_RESIN;9996;1;9995;29;;;10004;1;10005;29;;;10000.0;0.0
-1;39300;RAINFOREST_RESIN;9995;27;;;;;10005;27;;;;;10000.0;0.0
-1;39300;KELP;2020;27;;;;;2023;27;;;;;2021.5;171.375
-1;39400;RAINFOREST_RESIN;9996;1;9995;30;;;10004;1;10005;30;;;10000.0;0.0
-1;39400;KELP;2020;31;;;;;2022;5;2023;31;;;2021.0;184.9140625
-1;39500;KELP;2019;27;;;;;2021;3;2022;27;;;2020.0;216.2265625
-1;39500;RAINFOREST_RESIN;9995;27;;;;;9998;1;10002;2;10005;27;9996.5;0.0
-1;39600;KELP;2021;4;2019;23;;;2023;23;;;;;2022.0;203.25
-1;39600;RAINFOREST_RESIN;9995;23;;;;;10005;23;;;;;10000.0;0.0
-1;39700;RAINFOREST_RESIN;9996;2;9995;22;;;10004;2;10005;22;;;10000.0;0.0
-1;39700;KELP;2019;28;;;;;2022;2;2023;22;;;2020.5;206.6328125
-1;39800;RAINFOREST_RESIN;9996;1;9995;27;;;10004;1;10005;27;;;10000.0;0.0
-1;39800;KELP;2019;28;;;;;2022;1;2023;27;;;2020.5;206.8828125
-1;39900;KELP;2019;31;;;;;2022;31;;;;;2020.5;217.5234375
-1;39900;RAINFOREST_RESIN;9996;1;9995;30;;;10002;4;10004;1;10005;30;9999.0;0.0
-1;40000;KELP;2018;22;;;;;2022;22;;;;;2020.0;230.6953125
-1;40000;RAINFOREST_RESIN;9995;22;;;;;10005;22;;;;;10000.0;0.0
-1;40100;RAINFOREST_RESIN;9996;2;9995;29;;;10002;8;10004;2;10005;29;9999.0;0.0
-1;40100;KELP;2019;31;;;;;2022;31;;;;;2020.5;218.1015625
-1;40200;RAINFOREST_RESIN;9996;1;9995;28;;;10004;1;10005;28;;;10000.0;0.0
-1;40200;KELP;2019;1;2018;28;;;2022;29;;;;;2020.5;231.3671875
-1;40300;KELP;2019;22;;;;;2022;22;;;;;2020.5;225.96875
-1;40300;RAINFOREST_RESIN;9995;22;;;;;9998;1;10005;22;;;9996.5;0.0
-1;40400;KELP;2018;24;;;;;2022;24;;;;;2020.0;235.6328125
-1;40400;RAINFOREST_RESIN;9996;1;9995;23;;;10004;1;10005;23;;;10000.0;0.0
-1;40500;RAINFOREST_RESIN;10002;1;9996;2;9995;27;10004;2;10005;27;;;10003.0;0.0
-1;40500;KELP;2019;1;2018;27;;;2022;29;;;;;2020.5;232.8125
-1;40600;RAINFOREST_RESIN;9996;2;9995;24;;;10004;2;10005;24;;;10000.0;0.0
-1;40600;KELP;2019;4;2018;26;;;2022;26;;;;;2020.5;238.1015625
-1;40700;KELP;2018;22;;;;;2021;22;;;;;2019.5;260.0625
-1;40700;RAINFOREST_RESIN;9998;7;9996;2;9995;20;10004;2;10005;20;;;10001.0;0.0
-1;40800;KELP;2018;27;;;;;2021;27;;;;;2019.5;251.0
-1;40800;RAINFOREST_RESIN;9995;27;;;;;10005;27;;;;;10000.0;0.0
-1;40900;RAINFOREST_RESIN;9998;10;9996;2;9995;26;10004;2;10005;26;;;10001.0;0.0
-1;40900;KELP;2017;28;;;;;2021;28;;;;;2019.0;274.0703125
-1;41000;RAINFOREST_RESIN;9995;21;;;;;10002;10;10005;21;;;9998.5;0.0
-1;41000;KELP;2018;20;;;;;2020;3;2021;21;;;2019.0;255.3359375
-1;41100;KELP;2018;24;;;;;2021;27;;;;;2019.5;257.15625
-1;41100;RAINFOREST_RESIN;9995;27;;;;;10005;27;;;;;10000.0;0.0
-1;41200;KELP;2018;29;;;;;2021;29;;;;;2019.5;257.703125
-1;41200;RAINFOREST_RESIN;9995;29;;;;;10005;29;;;;;10000.0;0.0
-1;41300;RAINFOREST_RESIN;9998;2;9996;1;9995;24;10004;1;10005;24;;;10001.0;0.0
-1;41300;KELP;2017;25;;;;;2019;4;2021;25;;;2018.0;277.796875
-1;41400;RAINFOREST_RESIN;9998;5;9996;2;9995;23;10000;4;10004;2;10005;23;9999.0;0.0
-1;41400;KELP;2017;25;;;;;2018;4;2019;5;2020;25;2017.5;304.3203125
-1;41500;KELP;2017;22;;;;;2019;1;2021;22;;;2018.0;280.828125
-1;41500;RAINFOREST_RESIN;9998;8;9996;2;9995;20;10004;2;10005;20;;;10001.0;0.0
-1;41600;KELP;2017;23;;;;;2019;7;2020;1;2021;22;2018.0;283.5078125
-1;41600;RAINFOREST_RESIN;9996;1;9995;22;;;10004;1;10005;22;;;10000.0;0.0
-1;41700;RAINFOREST_RESIN;10000;5;9995;21;;;10005;21;;;;;10002.5;0.0
-1;41700;KELP;2019;4;2017;21;;;2021;21;;;;;2020.0;276.453125
-1;41800;RAINFOREST_RESIN;9996;2;9995;22;;;10004;2;10005;22;;;10000.0;0.0
-1;41800;KELP;2018;24;;;;;2021;24;;;;;2019.5;260.578125
-1;41900;KELP;2018;22;;;;;2020;1;2021;22;;;2019.0;258.6640625
-1;41900;RAINFOREST_RESIN;9996;1;9995;21;;;9998;4;10004;1;10005;21;9997.0;0.0
-1;42000;KELP;2018;31;;;;;2020;5;2021;32;;;2019.0;251.6953125
-1;42000;RAINFOREST_RESIN;9996;2;9995;30;;;10004;2;10005;30;;;10000.0;0.0
-1;42100;RAINFOREST_RESIN;9998;8;9996;2;9995;21;10004;2;10005;21;;;10001.0;0.0
-1;42100;KELP;2018;23;;;;;2021;2;2022;21;;;2019.5;246.796875
-1;42200;RAINFOREST_RESIN;10002;1;9995;28;;;10005;28;;;;;10003.5;0.0
-1;42200;KELP;2018;28;;;;;2022;28;;;;;2020.0;245.0625
-1;42300;KELP;2018;20;;;;;2019;7;2020;2;2022;20;2018.5;243.1640625
-1;42300;RAINFOREST_RESIN;9995;20;;;;;10005;20;;;;;10000.0;0.0
-1;42400;KELP;2019;30;;;;;2022;31;;;;;2020.5;229.7265625
-1;42400;RAINFOREST_RESIN;9996;2;9995;29;;;10004;2;10005;29;;;10000.0;0.0
-1;42500;RAINFOREST_RESIN;9995;24;;;;;10002;3;10005;24;;;9998.5;0.0
-1;42500;KELP;2019;24;;;;;2022;24;;;;;2020.5;230.78125
-1;42600;RAINFOREST_RESIN;9995;26;;;;;10005;26;;;;;10000.0;0.0
-1;42600;KELP;2019;26;;;;;2022;26;;;;;2020.5;227.0234375
-1;42700;KELP;2018;26;;;;;2022;26;;;;;2020.0;239.390625
-1;42700;RAINFOREST_RESIN;9995;26;;;;;10005;26;;;;;10000.0;0.0
-1;42800;KELP;2019;30;;;;;2022;30;;;;;2020.5;230.140625
-1;42800;RAINFOREST_RESIN;9995;30;;;;;10005;30;;;;;10000.0;0.0
-1;42900;RAINFOREST_RESIN;9995;25;;;;;10005;25;;;;;10000.0;0.0
-1;42900;KELP;2019;25;;;;;2022;25;;;;;2020.5;221.3828125
-1;43000;RAINFOREST_RESIN;9995;23;;;;;10005;23;;;;;10000.0;0.0
-1;43000;KELP;2020;2;2019;23;;;2023;23;;;;;2021.5;202.921875
-1;43100;KELP;2020;21;;;;;2023;21;;;;;2021.5;188.609375
-1;43100;RAINFOREST_RESIN;9995;21;;;;;10005;21;;;;;10000.0;0.0
-1;43200;KELP;2019;21;;;;;2023;21;;;;;2021.0;198.6015625
-1;43200;RAINFOREST_RESIN;9996;1;9995;20;;;10004;1;10005;20;;;10000.0;0.0
-1;43300;RAINFOREST_RESIN;9996;1;9995;24;;;10004;1;10005;24;;;10000.0;0.0
-1;43300;KELP;2019;25;;;;;2021;2;2023;25;;;2020.0;198.828125
-1;43400;RAINFOREST_RESIN;9996;2;9995;22;;;10004;2;10005;22;;;10000.0;0.0
-1;43400;KELP;2021;4;2020;24;;;2023;24;;;;;2022.0;193.125
-1;43500;KELP;2020;22;;;;;2022;7;2023;23;;;2021.0;190.2734375
-1;43500;RAINFOREST_RESIN;9998;7;9995;23;;;10005;23;;;;;10001.5;0.0
-1;43600;KELP;2020;5;2019;21;;;2023;23;;;;;2021.5;195.328125
-1;43600;RAINFOREST_RESIN;9996;2;9995;21;;;10002;9;10004;2;10005;21;9999.0;0.0
-1;43700;KELP;2020;24;;;;;2023;24;;;;;2021.5;191.6171875
-1;43700;RAINFOREST_RESIN;9996;1;9995;23;;;10004;1;10005;23;;;10000.0;0.0
-1;43800;RAINFOREST_RESIN;9996;2;9995;26;;;10004;2;10005;26;;;10000.0;0.0
-1;43800;KELP;2020;35;;;;;2023;28;;;;;2021.5;185.5546875
-1;43900;KELP;2020;36;;;;;2023;30;;;;;2021.5;192.8828125
-1;43900;RAINFOREST_RESIN;10002;4;9998;2;9996;1;10004;1;10005;29;;;10003.0;0.0
-1;44000;RAINFOREST_RESIN;9996;2;9995;20;;;10004;2;10005;20;;;10000.0;0.0
-1;44000;KELP;2020;22;;;;;2022;3;2023;22;;;2021.0;185.0
-1;44100;KELP;2019;24;;;;;2023;24;;;;;2021.0;204.640625
-1;44100;RAINFOREST_RESIN;9995;24;;;;;9998;1;10002;2;10005;24;9996.5;0.0
-1;44200;RAINFOREST_RESIN;9995;21;;;;;10005;21;;;;;10000.0;0.0
-1;44200;KELP;2019;21;;;;;2023;21;;;;;2021.0;206.5625
-1;44300;KELP;2019;27;;;;;2023;27;;;;;2021.0;203.8046875
-1;44300;RAINFOREST_RESIN;9995;27;;;;;10005;27;;;;;10000.0;0.0
-1;44400;RAINFOREST_RESIN;9998;7;9995;28;;;10005;28;;;;;10001.5;0.0
-1;44400;KELP;2018;28;;;;;2022;28;;;;;2020.0;236.59375
-1;44500;KELP;2021;1;2019;2;2018;21;2022;21;;;;;2021.5;234.890625
-1;44500;RAINFOREST_RESIN;9995;21;;;;;10005;21;;;;;10000.0;0.0
-1;44600;RAINFOREST_RESIN;9996;1;9995;23;;;10004;1;10005;23;;;10000.0;0.0
-1;44600;KELP;2019;24;;;;;2022;24;;;;;2020.5;227.671875
-1;44700;KELP;2019;29;;;;;2022;29;;;;;2020.5;229.53125
-1;44700;RAINFOREST_RESIN;9995;29;;;;;10002;10;10005;29;;;9998.5;0.0
-1;44800;RAINFOREST_RESIN;9995;29;;;;;9998;1;10002;10;10005;29;9996.5;0.0
-1;44800;KELP;2018;29;;;;;2022;29;;;;;2020.0;237.5625
-1;44900;KELP;2019;1;2018;26;;;2022;26;;;;;2020.5;240.5078125
-1;44900;RAINFOREST_RESIN;9996;1;9995;25;;;10004;1;10005;25;;;10000.0;0.0
-1;45000;RAINFOREST_RESIN;10002;1;9996;2;9995;24;10004;2;10005;24;;;10003.0;0.0
-1;45000;KELP;2018;26;;;;;2022;26;;;;;2020.0;239.71875
-1;45100;KELP;2019;27;;;;;2021;5;2022;27;;;2020.0;231.03125
-1;45100;RAINFOREST_RESIN;9996;1;9995;26;;;10004;1;10005;26;;;10000.0;0.0
-1;45200;RAINFOREST_RESIN;9996;1;9995;28;;;10004;1;10005;28;;;10000.0;0.0
-1;45200;KELP;2019;29;;;;;2021;6;2022;29;;;2020.0;232.828125
-1;45300;KELP;2018;26;;;;;2021;22;;;;;2019.5;252.90625
-1;45300;RAINFOREST_RESIN;9995;22;;;;;10005;22;;;;;10000.0;0.0
-1;45400;RAINFOREST_RESIN;9996;2;9995;21;;;9998;1;10004;2;10005;21;9997.0;0.0
-1;45400;KELP;2018;22;;;;;2020;2;2021;23;;;2019.0;264.953125
-1;45500;KELP;2018;25;;;;;2019;3;2021;25;;;2018.5;261.484375
-1;45500;RAINFOREST_RESIN;9996;1;9995;24;;;10000;3;10004;1;10005;24;9998.0;0.0
-1;45600;RAINFOREST_RESIN;9995;26;;;;;10002;5;10005;26;;;9998.5;0.0
-1;45600;KELP;2018;33;;;;;2021;26;;;;;2019.5;257.546875
-1;45700;KELP;2018;24;;;;;2021;24;;;;;2019.5;257.0078125
-1;45700;RAINFOREST_RESIN;9995;24;;;;;10005;24;;;;;10000.0;0.0
-1;45800;RAINFOREST_RESIN;9996;1;9995;27;;;10004;1;10005;27;;;10000.0;0.0
-1;45800;KELP;2018;27;;;;;2021;28;;;;;2019.5;254.4453125
-1;45900;KELP;2019;4;2018;31;;;2022;31;;;;;2020.5;243.453125
-1;45900;RAINFOREST_RESIN;9996;1;9995;30;;;10004;1;10005;30;;;10000.0;0.0
-1;46000;RAINFOREST_RESIN;9996;2;9995;24;;;10004;2;10005;24;;;10000.0;0.0
-1;46000;KELP;2019;2;2018;24;;;2022;26;;;;;2020.5;235.5546875
-1;46100;KELP;2019;25;;;;;2022;25;;;;;2020.5;232.0625
-1;46100;RAINFOREST_RESIN;9998;6;9996;2;9995;23;10004;2;10005;23;;;10001.0;0.0
-1;46200;RAINFOREST_RESIN;9998;2;9996;1;9995;27;10004;1;10005;27;;;10001.0;0.0
-1;46200;KELP;2018;28;;;;;2021;1;2022;27;;;2019.5;249.8984375
-1;46300;KELP;2018;29;;;;;2021;29;;;;;2019.5;260.046875
-1;46300;RAINFOREST_RESIN;9996;2;9995;27;;;10004;2;10005;27;;;10000.0;0.0
-1;46400;RAINFOREST_RESIN;9995;22;;;;;10005;22;;;;;10000.0;0.0
-1;46400;KELP;2018;22;;;;;2022;22;;;;;2020.0;250.9296875
-1;46500;KELP;2019;6;2018;31;;;2021;31;;;;;2020.0;253.328125
-1;46500;RAINFOREST_RESIN;10000;6;9996;1;9995;30;10004;1;10005;30;;;10002.0;0.0
-1;46600;KELP;2019;3;2018;28;;;2021;1;2022;27;;;2020.0;249.5859375
-1;46600;RAINFOREST_RESIN;9998;10;9996;1;9995;27;10004;1;10005;27;;;10001.0;0.0
-1;46700;RAINFOREST_RESIN;9995;26;;;;;10005;26;;;;;10000.0;0.0
-1;46700;KELP;2019;26;;;;;2022;26;;;;;2020.5;233.65625
-1;46800;RAINFOREST_RESIN;9996;1;9995;21;;;10004;1;10005;21;;;10000.0;0.0
-1;46800;KELP;2019;22;;;;;2022;22;;;;;2020.5;223.2421875
-1;46900;KELP;2021;1;2019;32;;;2022;32;;;;;2021.5;232.5546875
-1;46900;RAINFOREST_RESIN;9996;2;9995;30;;;10004;2;10005;30;;;10000.0;0.0
-1;47000;KELP;2019;21;;;;;2022;21;;;;;2020.5;229.4453125
-1;47000;RAINFOREST_RESIN;9996;1;9995;20;;;10004;1;10005;20;;;10000.0;0.0
-1;47100;RAINFOREST_RESIN;9996;2;9995;24;;;9998;1;10004;2;10005;24;9997.0;0.0
-1;47100;KELP;2019;22;;;;;2022;26;;;;;2020.5;232.515625
-1;47200;RAINFOREST_RESIN;10002;1;9996;2;9995;28;10004;2;10005;28;;;10003.0;0.0
-1;47200;KELP;2019;30;;;;;2022;30;;;;;2020.5;231.3515625
-1;47300;KELP;2019;25;;;;;2021;1;2022;25;;;2020.0;228.0
-1;47300;RAINFOREST_RESIN;10002;1;9998;3;9995;25;10005;25;;;;;10003.5;0.0
-1;47400;KELP;2019;25;;;;;2022;24;;;;;2020.5;219.8046875
-1;47400;RAINFOREST_RESIN;9995;24;;;;;10002;9;10005;24;;;9998.5;0.0
-1;47500;RAINFOREST_RESIN;9995;30;;;;;10002;1;10005;30;;;9998.5;0.0
-1;47500;KELP;2019;30;;;;;2021;6;2022;30;;;2020.0;220.7421875
-1;47600;RAINFOREST_RESIN;9996;1;9995;27;;;10004;1;10005;27;;;10000.0;0.0
-1;47600;KELP;2019;28;;;;;2022;28;;;;;2020.5;213.4765625
-1;47700;KELP;2019;23;;;;;2022;23;;;;;2020.5;211.8046875
-1;47700;RAINFOREST_RESIN;9996;1;9995;22;;;10002;8;10004;1;10005;22;9999.0;0.0
-1;47800;KELP;2019;23;;;;;2022;1;2023;22;;;2020.5;209.640625
-1;47800;RAINFOREST_RESIN;9996;1;9995;22;;;10002;8;10004;1;10005;22;9999.0;0.0
-1;47900;RAINFOREST_RESIN;10002;1;9995;27;;;10005;27;;;;;10003.5;0.0
-1;47900;KELP;2019;27;;;;;2023;27;;;;;2021.0;208.9140625
-1;48000;RAINFOREST_RESIN;9995;27;;;;;10005;27;;;;;10000.0;0.0
-1;48000;KELP;2019;27;;;;;2023;27;;;;;2021.0;209.7109375
-1;48100;KELP;2019;22;;;;;2022;21;;;;;2020.5;217.28125
-1;48100;RAINFOREST_RESIN;9995;21;;;;;10002;9;10005;21;;;9998.5;0.0
-1;48200;KELP;2019;25;;;;;2022;25;;;;;2020.5;219.609375
-1;48200;RAINFOREST_RESIN;9998;5;9995;25;;;10005;25;;;;;10001.5;0.0
-1;48300;RAINFOREST_RESIN;9996;1;9995;28;;;9998;1;10000;5;10004;1;9997.0;0.0
-1;48300;KELP;2018;29;;;;;2019;5;2022;29;;;2018.5;247.6875
-1;48400;RAINFOREST_RESIN;9995;27;;;;;10002;7;10005;27;;;9998.5;0.0
-1;48400;KELP;2019;1;2018;27;;;2022;27;;;;;2020.5;242.0546875
-1;48500;KELP;2019;1;2018;29;;;2022;29;;;;;2020.5;244.25
-1;48500;RAINFOREST_RESIN;9995;29;;;;;9998;1;10005;29;;;9996.5;0.0
-1;48600;KELP;2019;1;2018;29;;;2022;29;;;;;2020.5;243.5
-1;48600;RAINFOREST_RESIN;9996;1;9995;28;;;10004;1;10005;28;;;10000.0;0.0
-1;48700;RAINFOREST_RESIN;9996;1;9995;22;;;10004;1;10005;22;;;10000.0;0.0
-1;48700;KELP;2018;23;;;;;2022;23;;;;;2020.0;246.1953125
-1;48800;RAINFOREST_RESIN;9996;1;9995;23;;;10004;1;10005;23;;;10000.0;0.0
-1;48800;KELP;2019;29;;;;;2022;24;;;;;2020.5;233.8203125
-1;48900;KELP;2019;34;;;;;2022;27;;;;;2020.5;229.046875
-1;48900;RAINFOREST_RESIN;9995;27;;;;;10005;27;;;;;10000.0;0.0
-1;49000;KELP;2019;39;;;;;2022;32;;;;;2020.5;232.8515625
-1;49000;RAINFOREST_RESIN;9996;2;9995;30;;;10004;2;10005;30;;;10000.0;0.0
-1;49100;RAINFOREST_RESIN;9996;2;9995;30;;;10004;2;10005;30;;;10000.0;0.0
-1;49100;KELP;2019;40;;;;;2022;32;;;;;2020.5;221.1875
-1;49200;RAINFOREST_RESIN;9996;1;9995;20;;;10004;1;10005;20;;;10000.0;0.0
-1;49200;KELP;2019;21;;;;;2022;21;;;;;2020.5;230.546875
-1;49300;KELP;2019;21;;;;;2022;22;;;;;2020.5;229.78125
-1;49300;RAINFOREST_RESIN;9998;9;9996;1;9995;21;10004;1;10005;21;;;10001.0;0.0
-1;49400;KELP;2021;9;2020;5;2019;20;2022;20;;;;;2021.5;236.578125
-1;49400;RAINFOREST_RESIN;9995;20;;;;;10005;20;;;;;10000.0;0.0
-1;49500;RAINFOREST_RESIN;9996;2;9995;30;;;10004;2;10005;30;;;10000.0;0.0
-1;49500;KELP;2019;40;;;;;2022;32;;;;;2020.5;227.3984375
-1;49600;RAINFOREST_RESIN;9995;24;;;;;10005;24;;;;;10000.0;0.0
-1;49600;KELP;2021;1;2019;24;;;2022;24;;;;;2021.5;219.15625
-1;49700;KELP;2019;28;;;;;2022;28;;;;;2020.5;221.609375
-1;49700;RAINFOREST_RESIN;9998;7;9996;2;9995;26;10004;2;10005;26;;;10001.0;0.0
-1;49800;KELP;2019;25;;;;;2020;5;2023;25;;;2019.5;198.5625
-1;49800;RAINFOREST_RESIN;9996;2;9995;23;;;10004;2;10005;23;;;10000.0;0.0
-1;49900;RAINFOREST_RESIN;9998;3;9995;23;;;10005;23;;;;;10001.5;0.0
-1;49900;KELP;2019;23;;;;;2023;23;;;;;2021.0;204.1171875
-1;50000;RAINFOREST_RESIN;9996;1;9995;20;;;10004;1;10005;20;;;10000.0;0.0
-1;50000;KELP;2019;21;;;;;2022;1;2023;20;;;2020.5;209.453125
-1;50100;KELP;2019;24;;;;;2021;2;2022;24;;;2020.0;215.8984375
-1;50100;RAINFOREST_RESIN;9995;24;;;;;10005;24;;;;;10000.0;0.0
-1;50200;KELP;2019;24;;;;;2023;24;;;;;2021.0;200.75
-1;50200;RAINFOREST_RESIN;9995;24;;;;;10005;24;;;;;10000.0;0.0
-1;50300;RAINFOREST_RESIN;9995;30;;;;;10002;10;10005;30;;;9998.5;0.0
-1;50300;KELP;2019;30;;;;;2023;30;;;;;2021.0;196.1015625
-1;50400;RAINFOREST_RESIN;9998;4;9996;1;9995;22;10000;2;10004;1;10005;22;9999.0;0.0
-1;50400;KELP;2019;23;;;;;2021;3;2023;23;;;2020.0;197.046875
-1;50500;KELP;2019;25;;;;;2023;25;;;;;2021.0;198.7578125
-1;50500;RAINFOREST_RESIN;9996;2;9995;23;;;10004;2;10005;23;;;10000.0;0.0
-1;50600;KELP;2019;21;;;;;2020;6;2023;23;;;2019.5;194.8828125
-1;50600;RAINFOREST_RESIN;10002;1;9996;2;9995;21;10004;2;10005;21;;;10003.0;0.0
-1;50700;RAINFOREST_RESIN;9996;2;9995;22;;;10004;2;10005;22;;;10000.0;0.0
-1;50700;KELP;2020;24;;;;;2023;24;;;;;2021.5;191.21875
-1;50800;RAINFOREST_RESIN;10002;5;9996;2;9995;22;10004;2;10005;22;;;10003.0;0.0
-1;50800;KELP;2022;1;2020;24;;;2023;24;;;;;2022.5;184.21875
-1;50900;KELP;2020;28;;;;;2022;4;2023;28;;;2021.0;181.0625
-1;50900;RAINFOREST_RESIN;9996;1;9995;27;;;10004;1;10005;27;;;10000.0;0.0
-1;51000;KELP;2020;28;;;;;2023;28;;;;;2021.5;185.5390625
-1;51000;RAINFOREST_RESIN;9996;2;9995;26;;;10004;2;10005;26;;;10000.0;0.0
-1;51100;RAINFOREST_RESIN;9998;6;9996;1;9995;25;10004;1;10005;25;;;10001.0;0.0
-1;51100;KELP;2020;26;;;;;2023;26;;;;;2021.5;175.9609375
-1;51200;RAINFOREST_RESIN;9996;2;9995;28;;;10004;2;10005;28;;;10000.0;0.0
-1;51200;KELP;2020;30;;;;;2023;30;;;;;2021.5;182.109375
-1;51300;KELP;2020;25;;;;;2023;25;;;;;2021.5;164.65625
-1;51300;RAINFOREST_RESIN;9996;1;9995;24;;;10004;1;10005;24;;;10000.0;0.0
-1;51400;KELP;2020;30;;;;;2023;30;;;;;2021.5;181.828125
-1;51400;RAINFOREST_RESIN;9995;30;;;;;10002;3;10005;30;;;9998.5;0.0
-1;51500;RAINFOREST_RESIN;9995;30;;;;;10005;30;;;;;10000.0;0.0
-1;51500;KELP;2022;1;2020;30;;;2023;30;;;;;2022.5;182.6796875
-1;51600;RAINFOREST_RESIN;10000;5;9996;2;9995;22;10002;1;10004;2;10005;22;10001.0;0.0
-1;51600;KELP;2021;5;2020;24;;;2023;24;;;;;2022.0;180.859375
-1;51700;KELP;2020;16;;;;;2023;20;;;;;2021.5;186.5078125
-1;51700;RAINFOREST_RESIN;9995;20;;;;;10005;20;;;;;10000.0;0.0
-1;51800;KELP;2020;1;2019;24;;;2023;25;;;;;2021.5;194.4140625
-1;51800;RAINFOREST_RESIN;9996;1;9995;24;;;10004;1;10005;24;;;10000.0;0.0
-1;51900;RAINFOREST_RESIN;9996;1;9995;23;;;10004;1;10005;23;;;10000.0;0.0
-1;51900;KELP;2021;4;2019;24;;;2023;24;;;;;2022.0;201.5546875
-1;52000;RAINFOREST_RESIN;9998;3;9995;29;;;10005;29;;;;;10001.5;0.0
-1;52000;KELP;2019;29;;;;;2021;6;2023;29;;;2020.0;197.453125
-1;52100;KELP;2019;21;;;;;2023;21;;;;;2021.0;196.703125
-1;52100;RAINFOREST_RESIN;9995;21;;;;;10005;21;;;;;10000.0;0.0
-1;52200;KELP;2019;31;;;;;2023;31;;;;;2021.0;203.0546875
-1;52200;RAINFOREST_RESIN;9996;2;9995;29;;;10004;2;10005;29;;;10000.0;0.0
-1;52300;RAINFOREST_RESIN;10002;1;9996;1;9995;27;10004;1;10005;27;;;10003.0;0.0
-1;52300;KELP;2022;1;2019;28;;;2023;28;;;;;2022.5;199.3828125
-1;52400;RAINFOREST_RESIN;9998;3;9996;1;9995;29;10004;1;10005;29;;;10001.0;0.0
-1;52400;KELP;2020;30;;;;;2023;30;;;;;2021.5;183.1875
-1;52500;KELP;2022;1;2020;28;;;2023;28;;;;;2022.5;185.2109375
-1;52500;RAINFOREST_RESIN;9996;1;9995;27;;;9998;1;10004;1;10005;27;9997.0;0.0
-1;52600;RAINFOREST_RESIN;9998;1;9996;1;9995;22;10000;4;10004;1;10005;22;9999.0;0.0
-1;52600;KELP;2020;1;2019;22;;;2021;4;2023;23;;;2020.5;197.8125
-1;52700;KELP;2019;26;;;;;2023;27;;;;;2021.0;203.5078125
-1;52700;RAINFOREST_RESIN;9996;2;9995;25;;;10004;2;10005;25;;;10000.0;0.0
-1;52800;RAINFOREST_RESIN;9995;26;;;;;10005;26;;;;;10000.0;0.0
-1;52800;KELP;2019;26;;;;;2023;26;;;;;2021.0;194.421875
-1;52900;KELP;2020;30;;;;;2023;30;;;;;2021.5;193.21875
-1;52900;RAINFOREST_RESIN;9995;30;;;;;10005;30;;;;;10000.0;0.0
-1;53000;RAINFOREST_RESIN;10002;1;9996;1;9995;20;10004;1;10005;20;;;10003.0;0.0
-1;53000;KELP;2020;21;;;;;2023;21;;;;;2021.5;187.28125
-1;53100;KELP;2019;24;;;;;2023;24;;;;;2021.0;200.25
-1;53100;RAINFOREST_RESIN;9995;24;;;;;10005;24;;;;;10000.0;0.0
-1;53200;RAINFOREST_RESIN;9996;1;9995;30;;;10004;1;10005;30;;;10000.0;0.0
-1;53200;KELP;2022;1;2019;31;;;2023;31;;;;;2022.5;198.609375
-1;53300;KELP;2020;29;;;;;2023;29;;;;;2021.5;192.890625
-1;53300;RAINFOREST_RESIN;9995;29;;;;;10005;29;;;;;10000.0;0.0
-1;53400;RAINFOREST_RESIN;9998;6;9996;2;9995;23;10004;2;10005;23;;;10001.0;0.0
-1;53400;KELP;2020;25;;;;;2023;25;;;;;2021.5;184.640625
-1;53500;KELP;2020;23;;;;;2023;23;;;;;2021.5;188.9765625
-1;53500;RAINFOREST_RESIN;9996;2;9995;21;;;10002;1;10004;2;10005;21;9999.0;0.0
-1;53600;RAINFOREST_RESIN;9995;24;;;;;9998;9;10005;24;;;9996.5;0.0
-1;53600;KELP;2020;24;;;;;2023;24;;;;;2021.5;193.375
-1;53700;KELP;2019;30;;;;;2023;30;;;;;2021.0;197.6875
-1;53700;RAINFOREST_RESIN;9998;1;9995;30;;;10005;30;;;;;10001.5;0.0
-1;53800;RAINFOREST_RESIN;10002;3;9995;30;;;10005;30;;;;;10003.5;0.0
-1;53800;KELP;2019;30;;;;;2023;30;;;;;2021.0;198.453125
-1;53900;KELP;2019;27;;;;;2023;27;;;;;2021.0;200.6875
-1;53900;RAINFOREST_RESIN;9996;2;9995;25;;;10004;2;10005;25;;;10000.0;0.0
-1;54000;RAINFOREST_RESIN;9998;6;9996;1;9995;30;10004;1;10005;30;;;10001.0;0.0
-1;54000;KELP;2020;31;;;;;2022;1;2023;31;;;2021.0;188.6875
-1;54100;KELP;2020;24;;;;;2022;2;2023;24;;;2021.0;190.234375
-1;54100;RAINFOREST_RESIN;9998;2;9996;2;9995;22;10004;2;10005;22;;;10001.0;0.0
-1;54200;RAINFOREST_RESIN;9995;28;;;;;10005;28;;;;;10000.0;0.0
-1;54200;KELP;2020;28;;;;;2023;28;;;;;2021.5;191.328125
-1;54300;KELP;2022;1;2019;25;;;2023;25;;;;;2022.5;204.3125
-1;54300;RAINFOREST_RESIN;9996;2;9995;23;;;10004;2;10005;23;;;10000.0;0.0
-1;54400;RAINFOREST_RESIN;9995;29;;;;;10005;29;;;;;10000.0;0.0
-1;54400;KELP;2019;29;;;;;2022;29;;;;;2020.5;213.3515625
-1;54500;KELP;2019;21;;;;;2022;21;;;;;2020.5;217.109375
-1;54500;RAINFOREST_RESIN;9996;1;9995;20;;;10004;1;10005;20;;;10000.0;0.0
-1;54600;RAINFOREST_RESIN;10002;3;9995;27;;;10005;27;;;;;10003.5;0.0
-1;54600;KELP;2019;27;;;;;2023;27;;;;;2021.0;212.0390625
-1;54700;KELP;2019;29;;;;;2020;4;2022;29;;;2019.5;213.5234375
-1;54700;RAINFOREST_RESIN;9996;2;9995;27;;;10004;2;10005;27;;;10000.0;0.0
-1;54800;RAINFOREST_RESIN;9998;8;9995;27;;;10005;27;;;;;10001.5;0.0
-1;54800;KELP;2019;27;;;;;2021;1;2022;27;;;2020.0;214.84375
-1;54900;KELP;2019;29;;;;;2022;29;;;;;2020.5;216.875
-1;54900;RAINFOREST_RESIN;9996;1;9995;28;;;10002;3;10004;1;10005;28;9999.0;0.0
-1;55000;RAINFOREST_RESIN;9996;2;9995;28;;;10002;8;10004;2;10005;28;9999.0;0.0
-1;55000;KELP;2019;36;;;;;2022;30;;;;;2020.5;225.578125
-1;55100;KELP;2019;37;;;;;2022;29;;;;;2020.5;231.546875
-1;55100;RAINFOREST_RESIN;9995;29;;;;;10005;29;;;;;10000.0;0.0
-1;55200;RAINFOREST_RESIN;9996;2;9995;21;;;10004;2;10005;21;;;10000.0;0.0
-1;55200;KELP;2018;21;;;;;2019;3;2020;8;2022;23;2018.5;238.421875
-1;55300;RAINFOREST_RESIN;9996;2;9995;27;;;9998;1;10002;2;10004;2;9997.0;0.0
-1;55300;KELP;2018;29;;;;;2022;29;;;;;2020.0;242.1796875
-1;55400;RAINFOREST_RESIN;9998;3;9996;1;9995;21;10004;1;10005;21;;;10001.0;0.0
-1;55400;KELP;2019;2;2018;22;;;2022;22;;;;;2020.5;240.9296875
-1;55500;KELP;2021;1;2019;4;2018;25;2022;25;;;;;2021.5;237.875
-1;55500;RAINFOREST_RESIN;9995;25;;;;;10002;9;10005;25;;;9998.5;0.0
-1;55600;KELP;2019;3;2018;26;;;2022;26;;;;;2020.5;239.90625
-1;55600;RAINFOREST_RESIN;9995;26;;;;;10005;26;;;;;10000.0;0.0
-1;55700;RAINFOREST_RESIN;9996;2;9995;21;;;10004;2;10005;21;;;10000.0;0.0
-1;55700;KELP;2019;25;;;;;2022;23;;;;;2020.5;236.21875
-1;55800;RAINFOREST_RESIN;9998;6;9996;1;9995;26;10004;1;10005;26;;;10001.0;0.0
-1;55800;KELP;2018;27;;;;;2022;27;;;;;2020.0;240.7890625
-1;55900;KELP;2018;22;;;;;2022;22;;;;;2020.0;248.453125
-1;55900;RAINFOREST_RESIN;9995;22;;;;;10005;22;;;;;10000.0;0.0
-1;56000;KELP;2018;24;;;;;2019;3;2021;2;2022;22;2018.5;252.140625
-1;56000;RAINFOREST_RESIN;9996;2;9995;22;;;10002;10;10004;2;10005;22;9999.0;0.0
-1;56100;RAINFOREST_RESIN;9996;2;9995;20;;;10004;2;10005;20;;;10000.0;0.0
-1;56100;KELP;2019;22;;;;;2022;22;;;;;2020.5;231.453125
-1;56200;RAINFOREST_RESIN;9996;1;9995;29;;;10004;1;10005;29;;;10000.0;0.0
-1;56200;KELP;2020;2;2018;30;;;2022;30;;;;;2021.0;240.8203125
-1;56300;KELP;2019;6;2018;27;;;2022;27;;;;;2020.5;241.8984375
-1;56300;RAINFOREST_RESIN;10002;1;9996;2;9995;25;10004;2;10005;25;;;10003.0;0.0
-1;56400;KELP;2018;31;;;;;2022;31;;;;;2020.0;243.59375
-1;56400;RAINFOREST_RESIN;9996;1;9995;30;;;10004;1;10005;30;;;10000.0;0.0
-1;56500;RAINFOREST_RESIN;9996;2;9995;27;;;10004;2;10005;27;;;10000.0;0.0
-1;56500;KELP;2018;29;;;;;2022;29;;;;;2020.0;244.78125
-1;56600;RAINFOREST_RESIN;9996;2;9995;29;;;10002;4;10004;2;10005;29;9999.0;0.0
-1;56600;KELP;2019;2;2018;29;;;2022;31;;;;;2020.5;238.640625
-1;56700;KELP;2020;6;2018;26;;;2022;26;;;;;2021.0;246.859375
-1;56700;RAINFOREST_RESIN;9998;3;9996;2;9995;24;10000;2;10004;2;10005;24;9999.0;0.0
-1;56800;KELP;2018;24;;;;;2021;2;2022;22;;;2019.5;251.15625
-1;56800;RAINFOREST_RESIN;10002;1;9998;10;9996;2;10004;2;10005;22;;;10003.0;0.0
-1;56900;RAINFOREST_RESIN;9996;2;9995;20;;;10004;2;10005;20;;;10000.0;0.0
-1;56900;KELP;2018;24;;;;;2021;22;;;;;2019.5;260.9375
-1;57000;RAINFOREST_RESIN;9996;1;9995;27;;;10004;1;10005;27;;;10000.0;0.0
-1;57000;KELP;2018;28;;;;;2020;8;2021;28;;;2019.0;274.5625
-1;57100;KELP;2017;27;;;;;2020;27;;;;;2018.5;296.2890625
-1;57100;RAINFOREST_RESIN;9996;2;9995;25;;;10004;2;10005;25;;;10000.0;0.0
-1;57200;KELP;2019;1;2017;27;;;2020;27;;;;;2019.5;302.703125
-1;57200;RAINFOREST_RESIN;10002;2;9996;1;9995;26;10004;1;10005;26;;;10003.0;0.0
-1;57300;RAINFOREST_RESIN;9996;1;9995;26;;;10002;9;10004;1;10005;26;9999.0;0.0
-1;57300;KELP;2017;27;;;;;2020;27;;;;;2018.5;298.515625
-1;57400;RAINFOREST_RESIN;9995;24;;;;;10005;24;;;;;10000.0;0.0
-1;57400;KELP;2017;24;;;;;2019;2;2020;24;;;2018.0;302.3671875
-1;57500;KELP;2019;5;2017;30;;;2020;25;;;;;2019.5;301.703125
-1;57500;RAINFOREST_RESIN;9998;5;9996;2;9995;23;10004;2;10005;23;;;10001.0;0.0
-1;57600;KELP;2017;24;;;;;2020;24;;;;;2018.5;298.5859375
-1;57600;RAINFOREST_RESIN;9995;24;;;;;10005;24;;;;;10000.0;0.0
-1;57700;RAINFOREST_RESIN;9995;29;;;;;10005;29;;;;;10000.0;0.0
-1;57700;KELP;2017;29;;;;;2020;29;;;;;2018.5;299.234375
-1;57800;RAINFOREST_RESIN;9998;1;9996;2;9995;29;10004;2;10005;29;;;10001.0;0.0
-1;57800;KELP;2017;31;;;;;2020;2;2021;29;;;2018.5;290.78125
-1;57900;KELP;2017;27;;;;;2018;6;2019;5;2020;2;2017.5;293.71875
-1;57900;RAINFOREST_RESIN;9996;2;9995;25;;;9998;1;10000;6;10004;2;9997.0;0.0
-1;58000;KELP;2017;29;;;;;2020;1;2021;24;;;2018.5;294.2890625
-1;58000;RAINFOREST_RESIN;9996;1;9995;24;;;9998;4;10004;1;10005;24;9997.0;0.0
-1;58100;RAINFOREST_RESIN;9995;23;;;;;10005;23;;;;;10000.0;0.0
-1;58100;KELP;2017;23;;;;;2020;23;;;;;2018.5;311.484375
-1;58200;RAINFOREST_RESIN;9996;1;9995;30;;;10004;1;10005;30;;;10000.0;0.0
-1;58200;KELP;2017;31;;;;;2020;31;;;;;2018.5;308.359375
-1;58300;KELP;2017;29;;;;;2020;29;;;;;2018.5;310.78125
-1;58300;RAINFOREST_RESIN;9995;29;;;;;10005;29;;;;;10000.0;0.0
-1;58400;KELP;2016;23;;;;;2018;1;2019;23;;;2017.0;365.5625
-1;58400;RAINFOREST_RESIN;9996;2;9995;21;;;10004;2;10005;21;;;10000.0;0.0
-1;58500;RAINFOREST_RESIN;9995;21;;;;;10002;1;10005;21;;;9998.5;0.0
-1;58500;KELP;2016;21;;;;;2019;21;;;;;2017.5;377.7421875
-1;58600;RAINFOREST_RESIN;10002;1;9995;25;;;10005;25;;;;;10003.5;0.0
-1;58600;KELP;2015;25;;;;;2017;7;2019;25;;;2016.0;386.7265625
-1;58700;KELP;2015;34;;;;;2018;32;;;;;2016.5;396.125
-1;58700;RAINFOREST_RESIN;9996;2;9995;30;;;10004;2;10005;30;;;10000.0;0.0
-1;58800;KELP;2015;29;;;;;2019;29;;;;;2017.0;387.78125
-1;58800;RAINFOREST_RESIN;9995;29;;;;;10002;1;10005;29;;;9998.5;0.0
-1;58900;RAINFOREST_RESIN;9996;1;9995;24;;;10004;1;10005;24;;;10000.0;0.0
-1;58900;KELP;2015;25;;;;;2019;25;;;;;2017.0;382.6953125
-1;59000;RAINFOREST_RESIN;9996;2;9995;20;;;10004;2;10005;20;;;10000.0;0.0
-1;59000;KELP;2016;22;;;;;2019;22;;;;;2017.5;372.8046875
-1;59100;KELP;2016;34;;;;;2019;27;;;;;2017.5;364.7109375
-1;59100;RAINFOREST_RESIN;9995;27;;;;;10005;27;;;;;10000.0;0.0
-1;59200;KELP;2016;31;;;;;2020;31;;;;;2018.0;348.40625
-1;59200;RAINFOREST_RESIN;9998;4;9996;2;9995;29;10004;2;10005;29;;;10001.0;0.0
-1;59300;RAINFOREST_RESIN;9996;1;9995;26;;;10004;1;10005;26;;;10000.0;0.0
-1;59300;KELP;2016;26;;;;;2018;2;2019;27;;;2017.0;363.890625
-1;59400;RAINFOREST_RESIN;9996;1;9995;21;;;10004;1;10005;21;;;10000.0;0.0
-1;59400;KELP;2015;22;;;;;2019;22;;;;;2017.0;383.984375
-1;59500;KELP;2015;23;;;;;2019;23;;;;;2017.0;380.640625
-1;59500;RAINFOREST_RESIN;10002;5;9995;23;;;10005;23;;;;;10003.5;0.0
-1;59600;KELP;2016;29;;;;;2019;29;;;;;2017.5;376.4375
-1;59600;RAINFOREST_RESIN;9996;2;9995;27;;;10004;2;10005;27;;;10000.0;0.0
-1;59700;RAINFOREST_RESIN;9995;21;;;;;10005;21;;;;;10000.0;0.0
-1;59700;KELP;2015;21;;;;;2018;21;;;;;2016.5;406.5703125
-1;59800;RAINFOREST_RESIN;9996;1;9995;24;;;10004;1;10005;24;;;10000.0;0.0
-1;59800;KELP;2015;25;;;;;2018;25;;;;;2016.5;402.40625
-1;59900;KELP;2015;24;;;;;2018;24;;;;;2016.5;406.8515625
-1;59900;RAINFOREST_RESIN;9996;1;9995;23;;;10002;6;10004;1;10005;23;9999.0;0.0
-1;60000;KELP;2015;22;;;;;2018;22;;;;;2016.5;403.203125
-1;60000;RAINFOREST_RESIN;9998;3;9995;22;;;10005;22;;;;;10001.5;0.0
-1;60100;RAINFOREST_RESIN;9996;2;9995;25;;;10004;2;10005;25;;;10000.0;0.0
-1;60100;KELP;2015;27;;;;;2018;27;;;;;2016.5;406.5859375
-1;60200;RAINFOREST_RESIN;9995;25;;;;;10005;25;;;;;10000.0;0.0
-1;60200;KELP;2016;3;2015;25;;;2018;25;;;;;2017.0;415.046875
-1;60300;KELP;2015;28;;;;;2018;28;;;;;2016.5;416.109375
-1;60300;RAINFOREST_RESIN;9996;1;9995;27;;;10004;1;10005;27;;;10000.0;0.0
-1;60400;KELP;2015;1;2014;20;;;2018;21;;;;;2016.5;419.5625
-1;60400;RAINFOREST_RESIN;9996;1;9995;20;;;9998;1;10004;1;10005;20;9997.0;0.0
-1;60500;RAINFOREST_RESIN;9996;1;9995;23;;;10004;1;10005;23;;;10000.0;0.0
-1;60500;KELP;2015;24;;;;;2018;24;;;;;2016.5;400.1640625
-1;60600;RAINFOREST_RESIN;9996;2;9995;22;;;10004;2;10005;22;;;10000.0;0.0
-1;60600;KELP;2015;26;;;;;2018;24;;;;;2016.5;401.2265625
-1;60700;KELP;2015;22;;;;;2017;5;2018;22;;;2016.0;401.515625
-1;60700;RAINFOREST_RESIN;9995;22;;;;;10005;22;;;;;10000.0;0.0
-1;60800;KELP;2015;31;;;;;2018;32;;;;;2016.5;401.0078125
-1;60800;RAINFOREST_RESIN;10002;10;9996;2;9995;30;10004;2;10005;30;;;10003.0;0.0
-1;60900;RAINFOREST_RESIN;9996;2;9995;29;;;10004;2;10005;29;;;10000.0;0.0
-1;60900;KELP;2015;28;;;;;2017;4;2018;31;;;2016.0;409.7421875
-1;61000;RAINFOREST_RESIN;9995;28;;;;;10005;28;;;;;10000.0;0.0
-1;61000;KELP;2015;28;;;;;2018;28;;;;;2016.5;404.9140625
-1;61100;KELP;2015;29;;;;;2017;3;2018;29;;;2016.0;415.6328125
-1;61100;RAINFOREST_RESIN;9995;29;;;;;10005;29;;;;;10000.0;0.0
-1;61200;KELP;2015;22;;;;;2016;2;2018;22;;;2015.5;406.53125
-1;61200;RAINFOREST_RESIN;9998;9;9996;1;9995;21;10000;2;10004;1;10005;21;9999.0;0.0
-1;61300;RAINFOREST_RESIN;9996;1;9995;22;;;10004;1;10005;22;;;10000.0;0.0
-1;61300;KELP;2015;23;;;;;2018;23;;;;;2016.5;396.71875
-1;61400;RAINFOREST_RESIN;9996;1;9995;30;;;10004;1;10005;30;;;10000.0;0.0
-1;61400;KELP;2015;31;;;;;2018;1;2019;30;;;2016.5;393.046875
-1;61500;KELP;2015;29;;;;;2018;29;;;;;2016.5;407.390625
-1;61500;RAINFOREST_RESIN;9996;2;9995;27;;;10004;2;10005;27;;;10000.0;0.0
-1;61600;RAINFOREST_RESIN;9996;2;9995;28;;;10004;2;10005;28;;;10000.0;0.0
-1;61600;KELP;2015;30;;;;;2017;5;2018;30;;;2016.0;415.25
-1;61700;KELP;2014;26;;;;;2016;7;2017;27;;;2015.0;441.5078125
-1;61700;RAINFOREST_RESIN;9996;1;9995;26;;;10004;1;10005;26;;;10000.0;0.0
-1;61800;RAINFOREST_RESIN;9995;20;;;;;10005;20;;;;;10000.0;0.0
-1;61800;KELP;2015;20;;;;;2018;20;;;;;2016.5;413.6875
-1;61900;KELP;2014;26;;;;;2017;26;;;;;2015.5;438.53125
-1;61900;RAINFOREST_RESIN;9995;26;;;;;9998;1;10005;26;;;9996.5;0.0
-1;62000;RAINFOREST_RESIN;9995;20;;;;;10005;20;;;;;10000.0;0.0
-1;62000;KELP;2016;1;2014;20;;;2017;20;;;;;2016.5;437.1328125
-1;62100;KELP;2014;25;;;;;2017;25;;;;;2015.5;434.703125
-1;62100;RAINFOREST_RESIN;9996;2;9995;23;;;10004;2;10005;23;;;10000.0;0.0
-1;62200;RAINFOREST_RESIN;9995;25;;;;;10002;3;10005;25;;;9998.5;0.0
-1;62200;KELP;2014;25;;;;;2017;25;;;;;2015.5;439.9921875
-1;62300;KELP;2014;22;;;;;2017;22;;;;;2015.5;435.953125
-1;62300;RAINFOREST_RESIN;9995;22;;;;;10005;22;;;;;10000.0;0.0
-1;62400;RAINFOREST_RESIN;9996;2;9995;23;;;10004;2;10005;23;;;10000.0;0.0
-1;62400;KELP;2014;25;;;;;2016;8;2018;25;;;2015.0;419.984375
-1;62500;KELP;2015;3;2014;23;;;2018;24;;;;;2016.5;418.9453125
-1;62500;RAINFOREST_RESIN;9996;1;9995;23;;;10004;1;10005;23;;;10000.0;0.0
-1;62600;RAINFOREST_RESIN;9995;29;;;;;10005;29;;;;;10000.0;0.0
-1;62600;KELP;2015;29;;;;;2018;29;;;;;2016.5;401.2109375
-1;62700;KELP;2015;26;;;;;2018;26;;;;;2016.5;402.765625
-1;62700;RAINFOREST_RESIN;9996;2;9995;24;;;10004;2;10005;24;;;10000.0;0.0
-1;62800;RAINFOREST_RESIN;9995;26;;;;;10005;26;;;;;10000.0;0.0
-1;62800;KELP;2015;25;;;;;2017;1;2019;26;;;2016.0;388.546875
-1;62900;KELP;2016;29;;;;;2018;1;2019;29;;;2017.0;367.84375
-1;62900;RAINFOREST_RESIN;9996;2;9995;27;;;9998;4;10004;2;10005;27;9997.0;0.0
-1;63000;RAINFOREST_RESIN;9995;29;;;;;10005;29;;;;;10000.0;0.0
-1;63000;KELP;2016;29;;;;;2018;4;2019;29;;;2017.0;365.703125
-1;63100;KELP;2016;25;;;;;2020;26;;;;;2018.0;347.8828125
-1;63100;RAINFOREST_RESIN;9996;2;9995;24;;;10004;2;10005;24;;;10000.0;0.0
-1;63200;RAINFOREST_RESIN;9995;28;;;;;10005;28;;;;;10000.0;0.0
-1;63200;KELP;2016;28;;;;;2020;28;;;;;2018.0;346.5078125
-1;63300;KELP;2016;32;;;;;2019;2;2020;30;;;2017.5;351.2734375
-1;63300;RAINFOREST_RESIN;9996;2;9995;30;;;10004;2;10005;30;;;10000.0;0.0
-1;63400;RAINFOREST_RESIN;9996;2;9995;24;;;10004;2;10005;24;;;10000.0;0.0
-1;63400;KELP;2018;3;2016;26;;;2020;26;;;;;2019.0;348.90625
-1;63500;KELP;2016;22;;;;;2019;20;;;;;2017.5;354.8515625
-1;63500;RAINFOREST_RESIN;9998;8;9995;20;;;10005;20;;;;;10001.5;0.0
-1;63600;RAINFOREST_RESIN;9995;21;;;;;10005;21;;;;;10000.0;0.0
-1;63600;KELP;2018;1;2016;21;;;2019;21;;;;;2018.5;358.390625
-1;63700;KELP;2017;8;2016;30;;;2019;2;2020;28;;;2018.0;351.3203125
-1;63700;RAINFOREST_RESIN;9996;2;9995;28;;;10002;6;10004;2;10005;28;9999.0;0.0
-1;63800;RAINFOREST_RESIN;9996;1;9995;21;;;10004;1;10005;21;;;10000.0;0.0
-1;63800;KELP;2016;21;;;;;2018;7;2020;22;;;2017.0;347.203125
-1;63900;KELP;2016;21;;;;;2018;6;2020;21;;;2017.0;353.1171875
-1;63900;RAINFOREST_RESIN;9995;21;;;;;10005;21;;;;;10000.0;0.0
-1;64000;RAINFOREST_RESIN;9998;6;9995;30;;;10005;30;;;;;10001.5;0.0
-1;64000;KELP;2016;30;;;;;2019;30;;;;;2017.5;356.90625
-1;64100;KELP;2016;27;;;;;2019;27;;;;;2017.5;356.890625
-1;64100;RAINFOREST_RESIN;9995;27;;;;;10002;6;10005;27;;;9998.5;0.0
-1;64200;KELP;2015;25;;;;;2018;25;;;;;2016.5;396.3125
-1;64200;RAINFOREST_RESIN;9996;1;9995;24;;;10004;1;10005;24;;;10000.0;0.0
-1;64300;RAINFOREST_RESIN;9998;7;9996;1;9995;22;10004;1;10005;22;;;10001.0;0.0
-1;64300;KELP;2015;23;;;;;2018;23;;;;;2016.5;406.2109375
-1;64400;RAINFOREST_RESIN;9998;8;9996;2;9995;27;10004;2;10005;27;;;10001.0;0.0
-1;64400;KELP;2015;31;;;;;2018;29;;;;;2016.5;403.6796875
-1;64500;KELP;2015;29;;;;;2017;6;2018;29;;;2016.0;400.0078125
-1;64500;RAINFOREST_RESIN;9998;5;9996;2;9995;27;10004;2;10005;27;;;10001.0;0.0
-1;64600;KELP;2015;26;;;;;2018;26;;;;;2016.5;404.015625
-1;64600;RAINFOREST_RESIN;9995;26;;;;;10005;26;;;;;10000.0;0.0
-1;64700;RAINFOREST_RESIN;9995;28;;;;;10005;28;;;;;10000.0;0.0
-1;64700;KELP;2015;28;;;;;2018;28;;;;;2016.5;415.609375
-1;64800;RAINFOREST_RESIN;9996;2;9995;30;;;10004;2;10005;30;;;10000.0;0.0
-1;64800;KELP;2015;2;2014;30;;;2018;32;;;;;2016.5;416.453125
-1;64900;KELP;2015;31;;;;;2017;3;2018;31;;;2016.0;415.6171875
-1;64900;RAINFOREST_RESIN;9996;2;9995;29;;;10004;2;10005;29;;;10000.0;0.0
-1;65000;KELP;2015;25;;;;;2018;25;;;;;2016.5;402.9453125
-1;65000;RAINFOREST_RESIN;9995;25;;;;;9998;1;10005;25;;;9996.5;0.0
-1;65100;RAINFOREST_RESIN;9996;2;9995;23;;;10004;2;10005;23;;;10000.0;0.0
-1;65100;KELP;2015;25;;;;;2018;25;;;;;2016.5;407.2265625
-1;65200;RAINFOREST_RESIN;9998;8;9995;29;;;10005;29;;;;;10001.5;0.0
-1;65200;KELP;2017;1;2015;29;;;2019;29;;;;;2018.0;386.578125
-1;65300;KELP;2015;21;;;;;2017;2;2018;21;;;2016.0;400.0078125
-1;65300;RAINFOREST_RESIN;9995;21;;;;;10002;3;10005;21;;;9998.5;0.0
-1;65400;KELP;2015;28;;;;;2016;3;2018;28;;;2015.5;396.078125
-1;65400;RAINFOREST_RESIN;9996;2;9995;26;;;10000;3;10004;2;10005;26;9998.0;0.0
-1;65500;RAINFOREST_RESIN;9996;2;9995;27;;;10004;2;10005;27;;;10000.0;0.0
-1;65500;KELP;2015;36;;;;;2018;29;;;;;2016.5;404.125
-1;65600;RAINFOREST_RESIN;9998;5;9995;20;;;10005;20;;;;;10001.5;0.0
-1;65600;KELP;2015;20;;;;;2019;20;;;;;2017.0;391.5859375
-1;65700;KELP;2014;29;;;;;2018;29;;;;;2016.0;417.9140625
-1;65700;RAINFOREST_RESIN;9995;29;;;;;10005;29;;;;;10000.0;0.0
-1;65800;KELP;2015;20;;;;;2017;7;2018;20;;;2016.0;414.2890625
-1;65800;RAINFOREST_RESIN;9998;9;9995;20;;;10005;20;;;;;10001.5;0.0
-1;65900;RAINFOREST_RESIN;9996;1;9995;23;;;10004;1;10005;23;;;10000.0;0.0
-1;65900;KELP;2015;29;;;;;2018;24;;;;;2016.5;406.625
-1;66000;RAINFOREST_RESIN;9998;4;9996;2;9995;22;10004;2;10005;22;;;10001.0;0.0
-1;66000;KELP;2015;24;;;;;2018;24;;;;;2016.5;405.7890625
-1;66100;KELP;2015;27;;;;;2018;27;;;;;2016.5;401.4609375
-1;66100;RAINFOREST_RESIN;9996;1;9995;26;;;9998;1;10004;1;10005;26;9997.0;0.0
-1;66200;KELP;2016;5;2015;20;;;2019;20;;;;;2017.5;385.515625
-1;66200;RAINFOREST_RESIN;10002;1;10000;5;9995;20;10005;20;;;;;10003.5;0.0
-1;66300;RAINFOREST_RESIN;9996;1;9995;24;;;10004;1;10005;24;;;10000.0;0.0
-1;66300;KELP;2018;1;2016;2;2015;25;2019;25;;;;;2018.5;381.9609375
-1;66400;RAINFOREST_RESIN;9995;21;;;;;9998;3;10005;21;;;9996.5;0.0
-1;66400;KELP;2015;21;;;;;2019;21;;;;;2017.0;378.46875
-1;66500;KELP;2015;22;;;;;2019;22;;;;;2017.0;380.84375
-1;66500;RAINFOREST_RESIN;9996;2;9995;20;;;10004;2;10005;20;;;10000.0;0.0
-1;66600;KELP;2015;22;;;;;2017;3;2019;22;;;2016.0;389.8984375
-1;66600;RAINFOREST_RESIN;9995;22;;;;;10005;22;;;;;10000.0;0.0
-1;66700;RAINFOREST_RESIN;9998;9;9995;27;;;10005;27;;;;;10001.5;0.0
-1;66700;KELP;2014;27;;;;;2018;27;;;;;2016.0;424.515625
-1;66800;RAINFOREST_RESIN;9995;30;;;;;10005;30;;;;;10000.0;0.0
-1;66800;KELP;2014;30;;;;;2018;30;;;;;2016.0;420.671875
-1;66900;KELP;2017;1;2015;4;2014;23;2018;23;;;;;2017.5;418.703125
-1;66900;RAINFOREST_RESIN;9998;4;9995;23;;;10005;23;;;;;10001.5;0.0
-1;67000;KELP;2015;25;;;;;2018;25;;;;;2016.5;411.9453125
-1;67000;RAINFOREST_RESIN;9996;1;9995;24;;;10004;1;10005;24;;;10000.0;0.0
-1;67100;RAINFOREST_RESIN;9995;23;;;;;10005;23;;;;;10000.0;0.0
-1;67100;KELP;2015;23;;;;;2018;23;;;;;2016.5;414.734375
-1;67200;RAINFOREST_RESIN;9996;2;9995;20;;;10002;3;10004;2;10005;20;9999.0;0.0
-1;67200;KELP;2015;21;;;;;2018;22;;;;;2016.5;412.1640625
-1;67300;KELP;2015;31;;;;;2018;30;;;;;2016.5;409.65625
-1;67300;RAINFOREST_RESIN;9995;30;;;;;9998;3;10005;30;;;9996.5;0.0
-1;67400;KELP;2015;26;;;;;2018;26;;;;;2016.5;395.5625
-1;67400;RAINFOREST_RESIN;9998;4;9996;1;9995;25;10004;1;10005;25;;;10001.0;0.0
-1;67500;RAINFOREST_RESIN;9995;21;;;;;10005;21;;;;;10000.0;0.0
-1;67500;KELP;2015;20;;;;;2018;21;;;;;2016.5;399.421875
-1;67600;RAINFOREST_RESIN;9996;2;9995;25;;;10004;2;10005;25;;;10000.0;0.0
-1;67600;KELP;2015;27;;;;;2018;27;;;;;2016.5;401.9140625
-1;67700;KELP;2015;33;;;;;2018;30;;;;;2016.5;398.578125
-1;67700;RAINFOREST_RESIN;9996;1;9995;29;;;10004;1;10005;29;;;10000.0;0.0
-1;67800;KELP;2015;38;;;;;2018;30;;;;;2016.5;416.0703125
-1;67800;RAINFOREST_RESIN;9998;3;9995;30;;;10005;30;;;;;10001.5;0.0
-1;67900;RAINFOREST_RESIN;9995;25;;;;;10005;25;;;;;10000.0;0.0
-1;67900;KELP;2015;25;;;;;2018;25;;;;;2016.5;400.4140625
-1;68000;RAINFOREST_RESIN;9996;2;9995;21;;;10004;2;10005;21;;;10000.0;0.0
-1;68000;KELP;2015;23;;;;;2018;23;;;;;2016.5;398.375
-1;68100;KELP;2015;31;;;;;2017;4;2018;31;;;2016.0;424.28125
-1;68100;RAINFOREST_RESIN;9996;2;9995;29;;;10004;2;10005;29;;;10000.0;0.0
-1;68200;KELP;2017;1;2015;31;;;2018;31;;;;;2017.5;414.0703125
-1;68200;RAINFOREST_RESIN;9996;2;9995;29;;;10004;2;10005;29;;;10000.0;0.0
-1;68300;RAINFOREST_RESIN;9996;1;9995;28;;;10004;1;10005;28;;;10000.0;0.0
-1;68300;KELP;2017;1;2015;29;;;2018;29;;;;;2017.5;419.140625
-1;68400;RAINFOREST_RESIN;9996;2;9995;26;;;10004;2;10005;26;;;10000.0;0.0
-1;68400;KELP;2015;28;;;;;2018;28;;;;;2016.5;412.4453125
-1;68500;KELP;2015;23;;;;;2018;23;;;;;2016.5;408.6875
-1;68500;RAINFOREST_RESIN;9995;23;;;;;10002;5;10005;23;;;9998.5;0.0
-1;68600;KELP;2015;24;;;;;2018;25;;;;;2016.5;410.265625
-1;68600;RAINFOREST_RESIN;9996;1;9995;24;;;10004;1;10005;24;;;10000.0;0.0
-1;68700;RAINFOREST_RESIN;9996;1;9995;27;;;10004;1;10005;27;;;10000.0;0.0
-1;68700;KELP;2015;28;;;;;2018;28;;;;;2016.5;402.8125
-1;68800;RAINFOREST_RESIN;9995;22;;;;;9998;1;10005;22;;;9996.5;0.0
-1;68800;KELP;2015;22;;;;;2018;22;;;;;2016.5;408.2421875
-1;68900;KELP;2017;1;2015;28;;;2018;28;;;;;2017.5;425.7109375
-1;68900;RAINFOREST_RESIN;9996;1;9995;27;;;10004;1;10005;27;;;10000.0;0.0
-1;69000;KELP;2015;30;;;;;2018;30;;;;;2016.5;406.3671875
-1;69000;RAINFOREST_RESIN;9996;2;9995;28;;;10004;2;10005;28;;;10000.0;0.0
-1;69100;RAINFOREST_RESIN;9998;9;9996;1;9995;30;10004;1;10005;30;;;10001.0;0.0
-1;69100;KELP;2015;30;;;;;2018;31;;;;;2016.5;414.8828125
-1;69200;RAINFOREST_RESIN;9996;2;9995;28;;;10004;2;10005;28;;;10000.0;0.0
-1;69200;KELP;2017;3;2015;30;;;2018;30;;;;;2017.5;416.6171875
-1;69300;KELP;2017;1;2015;21;;;2018;21;;;;;2017.5;418.8984375
-1;69300;RAINFOREST_RESIN;9995;21;;;;;9998;1;10005;21;;;9996.5;0.0
-1;69400;KELP;2015;26;;;;;2018;26;;;;;2016.5;417.125
-1;69400;RAINFOREST_RESIN;10002;1;9998;2;9996;1;10004;1;10005;25;;;10003.0;0.0
-1;69500;RAINFOREST_RESIN;9998;1;9996;2;9995;24;10004;2;10005;24;;;10001.0;0.0
-1;69500;KELP;2015;32;;;;;2018;26;;;;;2016.5;415.390625
-1;69600;RAINFOREST_RESIN;9995;23;;;;;10005;23;;;;;10000.0;0.0
-1;69600;KELP;2015;22;;;;;2018;23;;;;;2016.5;415.84375
-1;69700;KELP;2015;21;;;;;2018;21;;;;;2016.5;415.8046875
-1;69700;RAINFOREST_RESIN;10002;1;9996;1;9995;20;10004;1;10005;20;;;10003.0;0.0
-1;69800;KELP;2015;24;;;;;2018;24;;;;;2016.5;404.375
-1;69800;RAINFOREST_RESIN;9996;1;9995;23;;;10004;1;10005;23;;;10000.0;0.0
-1;69900;RAINFOREST_RESIN;9996;2;9995;27;;;10004;2;10005;27;;;10000.0;0.0
-1;69900;KELP;2015;29;;;;;2018;29;;;;;2016.5;405.7890625
-1;70000;RAINFOREST_RESIN;9996;2;9995;27;;;10004;2;10005;27;;;10000.0;0.0
-1;70000;KELP;2015;29;;;;;2018;29;;;;;2016.5;411.6875
-1;70100;KELP;2015;23;;;;;2018;2;2019;22;;;2016.5;397.28125
-1;70100;RAINFOREST_RESIN;9996;2;9995;22;;;10004;2;10005;22;;;10000.0;0.0
-1;70200;KELP;2015;22;;;;;2018;22;;;;;2016.5;406.1015625
-1;70200;RAINFOREST_RESIN;9996;1;9995;21;;;10004;1;10005;21;;;10000.0;0.0
-1;70300;RAINFOREST_RESIN;9996;1;9995;25;;;9998;2;10004;1;10005;25;9997.0;0.0
-1;70300;KELP;2015;26;;;;;2018;26;;;;;2016.5;417.921875
-1;70400;RAINFOREST_RESIN;9995;26;;;;;10005;26;;;;;10000.0;0.0
-1;70400;KELP;2015;26;;;;;2017;6;2018;26;;;2016.0;424.9375
-1;70500;KELP;2015;23;;;;;2016;3;2017;3;2018;23;2015.5;415.9296875
-1;70500;RAINFOREST_RESIN;9995;23;;;;;10000;3;10005;23;;;9997.5;0.0
-1;70600;RAINFOREST_RESIN;9996;1;9995;27;;;10004;1;10005;27;;;10000.0;0.0
-1;70600;KELP;2015;34;;;;;2018;28;;;;;2016.5;401.4296875
-1;70700;KELP;2015;26;;;;;2018;26;;;;;2016.5;418.96875
-1;70700;RAINFOREST_RESIN;9995;26;;;;;10005;26;;;;;10000.0;0.0
-1;70800;RAINFOREST_RESIN;10002;1;9995;27;;;10005;27;;;;;10003.5;0.0
-1;70800;KELP;2015;26;;;;;2018;27;;;;;2016.5;412.8359375
-1;70900;KELP;2015;32;;;;;2018;32;;;;;2016.5;411.90625
-1;70900;RAINFOREST_RESIN;9996;2;9995;30;;;10004;2;10005;30;;;10000.0;0.0
-1;71000;RAINFOREST_RESIN;9996;1;9995;29;;;10002;5;10004;1;10005;29;9999.0;0.0
-1;71000;KELP;2015;30;;;;;2018;30;;;;;2016.5;413.71875
-1;71100;KELP;2015;22;;;;;2018;22;;;;;2016.5;412.421875
-1;71100;RAINFOREST_RESIN;9998;9;9996;1;9995;21;10004;1;10005;21;;;10001.0;0.0
-1;71200;RAINFOREST_RESIN;10002;1;9996;1;9995;28;10004;1;10005;28;;;10003.0;0.0
-1;71200;KELP;2015;28;;;;;2018;29;;;;;2016.5;413.84375
-1;71300;KELP;2015;28;;;;;2017;4;2018;28;;;2016.0;421.1875
-1;71300;RAINFOREST_RESIN;9996;2;9995;26;;;10002;4;10004;2;10005;26;9999.0;0.0
-1;71400;RAINFOREST_RESIN;9996;2;9995;24;;;10002;3;10004;2;10005;24;9999.0;0.0
-1;71400;KELP;2015;26;;;;;2018;26;;;;;2016.5;423.5078125
-1;71500;KELP;2015;25;;;;;2018;28;;;;;2016.5;409.15625
-1;71500;RAINFOREST_RESIN;10002;1;9996;2;9995;26;10004;2;10005;26;;;10003.0;0.0
-1;71600;RAINFOREST_RESIN;9996;1;9995;27;;;9998;3;10004;1;10005;27;9997.0;0.0
-1;71600;KELP;2014;28;;;;;2018;28;;;;;2016.0;434.828125
-1;71700;KELP;2014;31;;;;;2016;4;2018;31;;;2015.0;433.921875
-1;71700;RAINFOREST_RESIN;9996;2;9995;29;;;10004;2;10005;29;;;10000.0;0.0
-1;71800;RAINFOREST_RESIN;10002;1;9996;2;9995;25;10004;2;10005;25;;;10003.0;0.0
-1;71800;KELP;2014;27;;;;;2018;27;;;;;2016.0;433.5078125
-1;71900;KELP;2014;26;;;;;2018;26;;;;;2016.0;439.4375
-1;71900;RAINFOREST_RESIN;10002;1;9996;1;9995;25;10004;1;10005;25;;;10003.0;0.0
-1;72000;RAINFOREST_RESIN;9996;1;9995;20;;;10004;1;10005;20;;;10000.0;0.0
-1;72000;KELP;2015;21;;;;;2017;6;2018;21;;;2016.0;413.921875
-1;72100;KELP;2014;21;;;;;2016;5;2018;21;;;2015.0;432.2265625
-1;72100;RAINFOREST_RESIN;9995;21;;;;;10005;21;;;;;10000.0;0.0
-1;72200;RAINFOREST_RESIN;9996;2;9995;29;;;10004;2;10005;29;;;10000.0;0.0
-1;72200;KELP;2016;3;2014;31;;;2018;31;;;;;2017.0;439.171875
-1;72300;KELP;2014;23;;;;;2018;23;;;;;2016.0;431.3984375
-1;72300;RAINFOREST_RESIN;9996;1;9995;22;;;10002;8;10004;1;10005;22;9999.0;0.0
-1;72400;RAINFOREST_RESIN;10002;1;9996;2;9995;20;10004;2;10005;20;;;10003.0;0.0
-1;72400;KELP;2014;22;;;;;2016;6;2018;22;;;2015.0;437.0625
-1;72500;KELP;2014;34;;;;;2017;27;;;;;2015.5;451.625
-1;72500;RAINFOREST_RESIN;9996;2;9995;25;;;10004;2;10005;25;;;10000.0;0.0
-1;72600;RAINFOREST_RESIN;9996;2;9995;27;;;10004;2;10005;27;;;10000.0;0.0
-1;72600;KELP;2014;35;;;;;2015;4;2017;29;;;2014.5;446.796875
-1;72700;KELP;2014;23;;;;;2017;23;;;;;2015.5;450.96875
-1;72700;RAINFOREST_RESIN;9995;23;;;;;10005;23;;;;;10000.0;0.0
-1;72800;RAINFOREST_RESIN;9995;20;;;;;10005;20;;;;;10000.0;0.0
-1;72800;KELP;2014;20;;;;;2017;20;;;;;2015.5;449.625
-1;72900;KELP;2014;24;;;;;2017;24;;;;;2015.5;451.2734375
-1;72900;RAINFOREST_RESIN;9998;1;9996;2;9995;22;10004;2;10005;22;;;10001.0;0.0
-1;73000;RAINFOREST_RESIN;9996;1;9995;21;;;10002;7;10004;1;10005;21;9999.0;0.0
-1;73000;KELP;2014;21;;;;;2016;2;2017;22;;;2015.0;451.3515625
-1;73100;KELP;2014;31;;;;;2017;31;;;;;2015.5;459.03125
-1;73100;RAINFOREST_RESIN;9996;2;9995;29;;;10002;3;10004;2;10005;29;9999.0;0.0
-1;73200;KELP;2014;21;;;;;2017;21;;;;;2015.5;464.296875
-1;73200;RAINFOREST_RESIN;9995;21;;;;;10005;21;;;;;10000.0;0.0
-1;73300;RAINFOREST_RESIN;9996;1;9995;29;;;10004;1;10005;29;;;10000.0;0.0
-1;73300;KELP;2014;30;;;;;2017;30;;;;;2015.5;469.4296875
-1;73400;RAINFOREST_RESIN;9995;30;;;;;9998;1;10005;30;;;9996.5;0.0
-1;73400;KELP;2014;30;;;;;2016;4;2017;30;;;2015.0;465.265625
-1;73500;KELP;2014;25;;;;;2017;25;;;;;2015.5;462.0234375
-1;73500;RAINFOREST_RESIN;9996;2;9995;23;;;10004;2;10005;23;;;10000.0;0.0
-1;73600;KELP;2014;25;;;;;2017;25;;;;;2015.5;461.0625
-1;73600;RAINFOREST_RESIN;9996;1;9995;24;;;10004;1;10005;24;;;10000.0;0.0
-1;73700;RAINFOREST_RESIN;9995;24;;;;;10005;24;;;;;10000.0;0.0
-1;73700;KELP;2014;24;;;;;2017;24;;;;;2015.5;447.015625
-1;73800;RAINFOREST_RESIN;9995;24;;;;;10005;24;;;;;10000.0;0.0
-1;73800;KELP;2014;24;;;;;2016;5;2018;24;;;2015.0;432.140625
-1;73900;KELP;2015;27;;;;;2018;30;;;;;2016.5;404.078125
-1;73900;RAINFOREST_RESIN;9995;30;;;;;10005;30;;;;;10000.0;0.0
-1;74000;KELP;2015;26;;;;;2017;3;2018;26;;;2016.0;420.734375
-1;74000;RAINFOREST_RESIN;10002;1;9998;10;9996;2;10004;2;10005;24;;;10003.0;0.0
-1;74100;RAINFOREST_RESIN;10000;6;9996;2;9995;30;10004;2;10005;30;;;10002.0;0.0
-1;74100;KELP;2016;6;2015;32;;;2018;32;;;;;2017.0;420.375
-1;74200;RAINFOREST_RESIN;9996;2;9995;20;;;10002;6;10004;2;10005;20;9999.0;0.0
-1;74200;KELP;2015;22;;;;;2018;22;;;;;2016.5;417.3828125
-1;74300;KELP;2015;5;2014;32;;;2018;32;;;;;2016.5;437.84375
-1;74300;RAINFOREST_RESIN;9996;2;9995;30;;;10002;6;10004;2;10005;30;9999.0;0.0
-1;74400;KELP;2015;30;;;;;2018;30;;;;;2016.5;417.6875
-1;74400;RAINFOREST_RESIN;9995;30;;;;;10005;30;;;;;10000.0;0.0
-1;74500;RAINFOREST_RESIN;10000;3;9995;29;;;10005;29;;;;;10002.5;0.0
-1;74500;KELP;2016;3;2014;29;;;2018;29;;;;;2017.0;426.5234375
-1;74600;RAINFOREST_RESIN;10002;1;9998;7;9995;29;10005;29;;;;;10003.5;0.0
-1;74600;KELP;2014;29;;;;;2018;29;;;;;2016.0;428.921875
-1;74700;KELP;2014;32;;;;;2018;32;;;;;2016.0;434.6796875
-1;74700;RAINFOREST_RESIN;9996;2;9995;30;;;10004;2;10005;30;;;10000.0;0.0
-1;74800;KELP;2014;26;;;;;2018;26;;;;;2016.0;431.9375
-1;74800;RAINFOREST_RESIN;9998;9;9996;1;9995;25;10004;1;10005;25;;;10001.0;0.0
-1;74900;RAINFOREST_RESIN;10002;1;9996;1;9995;30;10004;1;10005;30;;;10003.0;0.0
-1;74900;KELP;2015;31;;;;;2018;31;;;;;2016.5;424.5703125
-1;75000;RAINFOREST_RESIN;9995;27;;;;;9998;1;10005;27;;;9996.5;0.0
-1;75000;KELP;2016;1;2014;27;;;2017;27;;;;;2016.5;450.3125
-1;75100;KELP;2014;30;;;;;2017;30;;;;;2015.5;445.3515625
-1;75100;RAINFOREST_RESIN;9995;30;;;;;10005;30;;;;;10000.0;0.0
-1;75200;KELP;2016;3;2014;26;;;2017;2;2018;24;;;2016.5;441.515625
-1;75200;RAINFOREST_RESIN;9998;2;9996;2;9995;24;10004;2;10005;24;;;10001.0;0.0
-1;75300;RAINFOREST_RESIN;9996;1;9995;28;;;10004;1;10005;28;;;10000.0;0.0
-1;75300;KELP;2014;29;;;;;2017;29;;;;;2015.5;447.2734375
-1;75400;RAINFOREST_RESIN;9996;1;9995;30;;;10004;1;10005;30;;;10000.0;0.0
-1;75400;KELP;2014;31;;;;;2017;31;;;;;2015.5;454.09375
-1;75500;KELP;2014;34;;;;;2017;30;;;;;2015.5;453.2109375
-1;75500;RAINFOREST_RESIN;9996;2;9995;28;;;10004;2;10005;28;;;10000.0;0.0
-1;75600;KELP;2014;28;;;;;2017;28;;;;;2015.5;446.953125
-1;75600;RAINFOREST_RESIN;10002;1;9996;2;9995;26;10004;2;10005;26;;;10003.0;0.0
-1;75700;RAINFOREST_RESIN;9996;1;9995;26;;;10004;1;10005;26;;;10000.0;0.0
-1;75700;KELP;2014;27;;;;;2016;3;2017;27;;;2015.0;451.5859375
-1;75800;RAINFOREST_RESIN;9998;5;9996;1;9995;29;10004;1;10005;29;;;10001.0;0.0
-1;75800;KELP;2014;30;;;;;2017;30;;;;;2015.5;446.6484375
-1;75900;KELP;2014;21;;;;;2018;21;;;;;2016.0;441.171875
-1;75900;RAINFOREST_RESIN;9995;21;;;;;10002;8;10005;21;;;9998.5;0.0
-1;76000;KELP;2015;32;;;;;2018;32;;;;;2016.5;426.65625
-1;76000;RAINFOREST_RESIN;9998;2;9996;2;9995;30;10004;2;10005;30;;;10001.0;0.0
-1;76100;RAINFOREST_RESIN;9996;1;9995;20;;;9998;1;10004;1;10005;20;9997.0;0.0
-1;76100;KELP;2015;21;;;;;2018;21;;;;;2016.5;433.59375
-1;76200;RAINFOREST_RESIN;9996;1;9995;21;;;10004;1;10005;21;;;10000.0;0.0
-1;76200;KELP;2014;22;;;;;2018;22;;;;;2016.0;440.953125
-1;76300;KELP;2015;6;2014;27;;;2018;27;;;;;2016.5;458.5390625
-1;76300;RAINFOREST_RESIN;9995;27;;;;;10005;27;;;;;10000.0;0.0
-1;76400;KELP;2014;28;;;;;2018;28;;;;;2016.0;458.5859375
-1;76400;RAINFOREST_RESIN;9998;4;9995;28;;;10005;28;;;;;10001.5;0.0
-1;76500;RAINFOREST_RESIN;9996;1;9995;27;;;10004;1;10005;27;;;10000.0;0.0
-1;76500;KELP;2014;7;2013;27;;;2017;28;;;;;2015.5;477.421875
-1;76600;RAINFOREST_RESIN;9996;2;9995;28;;;10004;2;10005;28;;;10000.0;0.0
